,date_time,buyer,price,volume,liquidity_taker
0,2022-07-01 09:15:45,Trader 1,114.56,74,0
1,2022-07-01 09:16:43,Trader 1,115.39,83,1
2,2022-07-01 09:20:49,Trader 3,115.52,80,0
3,2022-07-01 09:21:30,Trader 3,116.75,138,1
4,2022-07-01 09:23:06,Trader 2,112.14,70,0
5,2022-07-01 09:25:17,Trader 4,114.77,179,1
6,2022-07-01 09:32:46,Trader 2,112.21,58,1
7,2022-07-01 09:34:19,Trader 2,111.58,44,1
8,2022-07-01 09:40:32,Trader 1,116.55,125,1
9,2022-07-01 09:41:05,Trader 4,117.07,152,0
10,2022-07-01 09:43:49,Trader 1,115.34,103,0
11,2022-07-01 09:44:28,Trader 2,111.49,55,0
12,2022-07-01 09:47:00,Trader 4,115.7,186,0
13,2022-07-01 09:48:20,Trader 1,115.25,87,0
14,2022-07-01 09:50:14,Trader 4,114.43,158,0
15,2022-07-01 09:52:09,Trader 4,116.85,261,0
16,2022-07-01 09:52:43,Trader 4,116.18,138,0
17,2022-07-01 09:58:42,Trader 2,112.63,40,0
18,2022-07-01 09:59:33,Trader 3,114.6,78,1
19,2022-07-01 09:59:43,Trader 1,118.03,103,0
20,2022-07-01 10:01:11,Trader 3,115.38,92,1
21,2022-07-01 10:02:31,Trader 1,116.3,109,1
22,2022-07-01 10:09:35,Trader 3,115.51,151,0
23,2022-07-01 10:10:08,Trader 2,112.38,54,0
24,2022-07-01 10:14:03,Trader 3,115.07,110,1
25,2022-07-01 10:17:09,Trader 4,117.44,174,0
26,2022-07-01 10:20:49,Trader 4,116.65,220,0
27,2022-07-01 10:22:51,Trader 4,116.15,207,0
28,2022-07-01 10:24:42,Trader 3,115.83,120,1
29,2022-07-01 10:26:40,Trader 2,112.07,63,0
30,2022-07-01 10:28:44,Trader 1,115.59,123,0
31,2022-07-01 10:29:14,Trader 2,112.79,35,1
32,2022-07-01 10:29:41,Trader 3,114.19,77,1
33,2022-07-01 10:30:06,Trader 2,111.79,53,1
34,2022-07-01 10:31:36,Trader 2,112.58,41,0
35,2022-07-01 10:32:00,Trader 2,113.01,57,1
36,2022-07-01 10:35:16,Trader 1,115.11,127,0
37,2022-07-01 10:35:54,Trader 2,112.7,45,1
38,2022-07-01 10:36:07,Trader 1,114.0,104,1
39,2022-07-01 10:36:34,Trader 1,114.82,80,0
40,2022-07-01 10:38:58,Trader 1,114.26,96,1
41,2022-07-01 10:39:11,Trader 1,117.27,110,1
42,2022-07-01 10:41:11,Trader 4,115.28,203,1
43,2022-07-01 10:41:50,Trader 1,116.28,97,1
44,2022-07-01 10:42:28,Trader 3,114.52,131,1
45,2022-07-01 10:45:18,Trader 2,113.82,50,1
46,2022-07-01 10:45:38,Trader 2,112.1,25,0
47,2022-07-01 10:46:36,Trader 1,116.99,85,1
48,2022-07-01 10:46:51,Trader 1,115.3,91,0
49,2022-07-01 10:48:38,Trader 1,116.1,79,0
50,2022-07-01 10:50:06,Trader 2,112.78,33,0
51,2022-07-01 10:51:57,Trader 1,114.8,121,1
52,2022-07-01 10:53:00,Trader 1,114.91,96,0
53,2022-07-01 10:54:55,Trader 3,114.98,122,0
54,2022-07-01 10:58:36,Trader 3,114.84,190,0
55,2022-07-01 10:59:28,Trader 3,114.5,161,1
56,2022-07-01 11:01:40,Trader 4,116.79,162,0
57,2022-07-01 11:07:09,Trader 2,111.79,46,0
58,2022-07-01 11:07:26,Trader 1,115.68,88,0
59,2022-07-01 11:09:51,Trader 1,116.55,96,0
60,2022-07-01 11:11:52,Trader 1,115.35,107,0
61,2022-07-01 11:11:58,Trader 1,116.09,104,0
62,2022-07-01 11:12:19,Trader 1,116.61,81,1
63,2022-07-01 11:13:35,Trader 4,116.67,185,0
64,2022-07-01 11:16:37,Trader 1,114.19,103,0
65,2022-07-01 11:19:50,Trader 4,115.18,206,1
66,2022-07-01 11:20:41,Trader 4,116.96,206,0
67,2022-07-01 11:20:45,Trader 2,111.61,56,0
68,2022-07-01 11:24:35,Trader 1,116.99,66,0
69,2022-07-01 11:27:51,Trader 1,115.68,100,1
70,2022-07-01 11:29:29,Trader 1,117.21,89,0
71,2022-07-01 11:30:57,Trader 1,117.53,114,0
72,2022-07-01 11:35:46,Trader 1,116.04,86,0
73,2022-07-01 11:36:43,Trader 2,112.26,48,0
74,2022-07-01 11:39:37,Trader 1,116.56,67,0
75,2022-07-01 11:40:14,Trader 4,117.75,215,1
76,2022-07-01 11:40:58,Trader 4,114.61,203,0
77,2022-07-01 11:44:40,Trader 4,116.19,210,0
78,2022-07-01 11:44:55,Trader 2,112.0,47,0
79,2022-07-01 11:46:04,Trader 1,114.94,146,0
80,2022-07-01 11:46:32,Trader 3,114.82,128,0
81,2022-07-01 11:48:51,Trader 4,115.41,174,0
82,2022-07-01 11:51:25,Trader 2,112.86,59,0
83,2022-07-01 11:51:46,Trader 3,113.45,97,1
84,2022-07-01 11:56:48,Trader 3,114.75,134,1
85,2022-07-01 11:58:02,Trader 2,111.09,51,1
86,2022-07-01 11:58:11,Trader 1,117.76,116,1
87,2022-07-01 11:59:09,Trader 2,111.49,46,1
88,2022-07-01 12:06:55,Trader 3,115.24,182,1
89,2022-07-01 12:08:21,Trader 1,115.05,107,1
90,2022-07-01 12:09:06,Trader 1,114.15,101,0
91,2022-07-01 12:10:33,Trader 1,115.17,109,0
92,2022-07-01 12:11:18,Trader 2,112.09,43,1
93,2022-07-01 12:16:30,Trader 3,114.97,133,1
94,2022-07-01 12:17:00,Trader 3,116.09,193,0
95,2022-07-01 12:17:04,Trader 3,116.67,70,0
96,2022-07-01 12:17:28,Trader 1,117.64,75,1
97,2022-07-01 12:18:43,Trader 2,113.14,41,1
98,2022-07-01 12:19:13,Trader 3,114.73,86,1
99,2022-07-01 12:21:31,Trader 1,115.7,98,1
100,2022-07-01 12:21:59,Trader 2,111.67,36,0
101,2022-07-01 12:22:52,Trader 4,116.93,186,0
102,2022-07-01 12:23:34,Trader 2,112.21,54,1
103,2022-07-01 12:23:40,Trader 1,114.87,99,1
104,2022-07-01 12:24:52,Trader 2,112.55,59,1
105,2022-07-01 12:28:33,Trader 3,114.98,90,1
106,2022-07-01 12:28:46,Trader 1,115.99,111,0
107,2022-07-01 12:29:29,Trader 3,117.12,85,1
108,2022-07-01 12:32:14,Trader 1,115.77,105,0
109,2022-07-01 12:34:01,Trader 4,115.13,231,0
110,2022-07-01 12:35:39,Trader 4,115.01,210,0
111,2022-07-01 12:36:49,Trader 1,116.1,109,0
112,2022-07-01 12:39:07,Trader 4,114.89,181,0
113,2022-07-01 12:39:11,Trader 4,115.59,175,1
114,2022-07-01 12:39:37,Trader 1,115.75,95,0
115,2022-07-01 12:41:05,Trader 2,110.94,40,1
116,2022-07-01 12:44:03,Trader 2,112.01,65,1
117,2022-07-01 12:44:07,Trader 1,113.78,134,1
118,2022-07-01 12:46:52,Trader 1,114.19,86,0
119,2022-07-01 12:52:39,Trader 4,115.62,191,0
120,2022-07-01 12:53:30,Trader 3,117.52,171,1
121,2022-07-01 12:55:00,Trader 4,115.02,197,0
122,2022-07-01 12:55:54,Trader 4,117.19,190,0
123,2022-07-01 13:04:15,Trader 1,114.45,87,0
124,2022-07-01 13:05:00,Trader 2,112.1,37,1
125,2022-07-01 13:06:27,Trader 2,112.38,53,0
126,2022-07-01 13:09:04,Trader 2,111.03,26,1
127,2022-07-01 13:10:26,Trader 4,114.41,173,1
128,2022-07-01 13:11:07,Trader 4,114.15,210,0
129,2022-07-01 13:12:33,Trader 1,115.0,107,0
130,2022-07-01 13:12:37,Trader 2,112.57,50,1
131,2022-07-01 13:13:57,Trader 4,115.79,225,0
132,2022-07-01 13:14:55,Trader 2,114.5,40,1
133,2022-07-01 13:15:03,Trader 2,113.63,41,0
134,2022-07-01 13:19:17,Trader 3,116.92,128,1
135,2022-07-01 13:19:59,Trader 1,114.38,137,1
136,2022-07-01 13:21:37,Trader 4,117.35,209,0
137,2022-07-01 13:23:19,Trader 2,110.09,55,1
138,2022-07-01 13:29:16,Trader 2,111.56,43,0
139,2022-07-01 13:29:34,Trader 1,115.41,91,0
140,2022-07-01 13:32:07,Trader 4,116.84,216,0
141,2022-07-01 13:34:18,Trader 3,114.97,141,1
142,2022-07-01 13:35:11,Trader 3,116.07,131,1
143,2022-07-01 13:36:26,Trader 4,116.34,197,0
144,2022-07-01 13:45:06,Trader 4,115.26,216,1
145,2022-07-01 13:46:25,Trader 1,116.76,117,0
146,2022-07-01 13:47:36,Trader 4,114.84,199,0
147,2022-07-01 13:52:43,Trader 4,115.01,184,0
148,2022-07-01 13:52:43,Trader 4,115.44,199,0
149,2022-07-01 13:54:15,Trader 2,112.35,58,0
150,2022-07-01 13:55:44,Trader 3,116.55,173,1
151,2022-07-01 13:55:48,Trader 3,115.77,107,1
152,2022-07-01 14:03:23,Trader 2,112.02,64,1
153,2022-07-01 14:03:44,Trader 3,115.06,51,0
154,2022-07-01 14:06:08,Trader 2,113.33,55,1
155,2022-07-01 14:08:26,Trader 2,110.74,57,1
156,2022-07-01 14:12:52,Trader 4,115.77,222,0
157,2022-07-01 14:16:27,Trader 1,114.9,128,0
158,2022-07-01 14:19:55,Trader 2,110.51,59,0
159,2022-07-01 14:21:07,Trader 2,111.62,44,1
160,2022-07-01 14:25:44,Trader 2,113.59,46,1
161,2022-07-01 14:26:16,Trader 2,111.45,42,0
162,2022-07-01 14:27:03,Trader 3,116.46,158,0
163,2022-07-01 14:27:43,Trader 4,116.16,209,0
164,2022-07-01 14:28:03,Trader 1,114.57,120,1
165,2022-07-01 14:29:04,Trader 1,114.76,138,0
166,2022-07-01 14:30:04,Trader 2,113.24,44,1
167,2022-07-01 14:30:30,Trader 4,115.66,197,0
168,2022-07-01 14:33:45,Trader 3,115.72,111,1
169,2022-07-01 14:34:32,Trader 2,110.76,66,0
170,2022-07-01 14:36:15,Trader 3,115.27,107,1
171,2022-07-01 14:39:23,Trader 1,115.76,88,0
172,2022-07-01 14:40:12,Trader 2,113.1,50,1
173,2022-07-01 14:42:36,Trader 4,115.97,181,0
174,2022-07-01 14:43:54,Trader 2,111.33,47,1
175,2022-07-01 14:44:17,Trader 2,112.61,49,0
176,2022-07-01 14:48:12,Trader 1,114.54,87,1
177,2022-07-01 14:48:59,Trader 1,115.18,141,0
178,2022-07-01 14:50:02,Trader 4,115.95,214,0
179,2022-07-01 14:50:05,Trader 4,115.05,166,0
180,2022-07-01 14:52:30,Trader 2,113.42,51,0
181,2022-07-01 14:54:53,Trader 3,114.99,147,1
182,2022-07-01 14:56:05,Trader 2,112.05,54,0
183,2022-07-01 15:00:03,Trader 3,115.25,94,1
184,2022-07-01 15:00:16,Trader 2,111.61,37,0
185,2022-07-01 15:01:01,Trader 1,116.51,89,0
186,2022-07-01 15:03:32,Trader 3,115.02,114,1
187,2022-07-01 15:05:41,Trader 1,113.54,74,0
188,2022-07-01 15:12:37,Trader 2,112.25,58,0
189,2022-07-01 15:17:44,Trader 1,114.8,114,0
190,2022-07-01 15:19:18,Trader 4,116.33,241,0
191,2022-07-01 15:20:29,Trader 1,116.21,85,0
192,2022-07-01 15:21:44,Trader 1,114.56,103,0
193,2022-07-01 15:22:07,Trader 3,115.62,69,0
194,2022-07-01 15:22:40,Trader 2,111.88,42,0
195,2022-07-01 15:24:31,Trader 1,114.64,63,0
196,2022-07-01 15:25:53,Trader 2,112.01,44,1
197,2022-07-01 15:27:37,Trader 2,111.91,51,1
198,2022-07-01 15:28:21,Trader 3,113.38,71,0
199,2022-07-01 15:29:06,Trader 2,112.01,38,0
200,2022-07-02 09:15:25,Trader 3,115.98,183,1
201,2022-07-02 09:16:23,Trader 4,117.64,211,0
202,2022-07-02 09:16:55,Trader 2,113.15,27,0
203,2022-07-02 09:17:42,Trader 4,114.73,212,0
204,2022-07-02 09:20:39,Trader 4,116.11,166,1
205,2022-07-02 09:20:43,Trader 3,117.11,152,1
206,2022-07-02 09:22:30,Trader 4,115.08,165,0
207,2022-07-02 09:26:51,Trader 1,115.71,131,1
208,2022-07-02 09:27:08,Trader 4,116.05,183,0
209,2022-07-02 09:28:33,Trader 2,111.98,52,0
210,2022-07-02 09:29:02,Trader 1,115.43,112,0
211,2022-07-02 09:35:14,Trader 4,117.89,195,0
212,2022-07-02 09:36:48,Trader 3,114.82,99,1
213,2022-07-02 09:36:50,Trader 1,115.67,103,1
214,2022-07-02 09:38:36,Trader 1,115.93,98,0
215,2022-07-02 09:39:00,Trader 3,113.99,86,1
216,2022-07-02 09:39:17,Trader 2,111.42,57,1
217,2022-07-02 09:41:29,Trader 3,114.65,98,1
218,2022-07-02 09:42:28,Trader 4,114.58,206,0
219,2022-07-02 09:43:49,Trader 2,110.94,39,0
220,2022-07-02 09:45:34,Trader 2,112.82,67,1
221,2022-07-02 09:48:12,Trader 1,115.25,104,1
222,2022-07-02 09:49:11,Trader 2,110.5,50,1
223,2022-07-02 09:56:19,Trader 3,115.02,177,1
224,2022-07-02 09:56:52,Trader 3,116.26,116,1
225,2022-07-02 09:57:39,Trader 4,116.56,177,0
226,2022-07-02 10:01:35,Trader 4,114.73,213,0
227,2022-07-02 10:02:45,Trader 4,115.76,172,0
228,2022-07-02 10:04:26,Trader 2,111.25,28,0
229,2022-07-02 10:05:05,Trader 2,110.81,49,0
230,2022-07-02 10:09:18,Trader 3,114.06,171,1
231,2022-07-02 10:09:46,Trader 2,109.62,61,1
232,2022-07-02 10:10:06,Trader 3,115.26,127,0
233,2022-07-02 10:10:19,Trader 1,115.18,92,1
234,2022-07-02 10:10:56,Trader 2,112.1,49,1
235,2022-07-02 10:12:57,Trader 3,115.5,166,1
236,2022-07-02 10:13:15,Trader 1,115.34,97,0
237,2022-07-02 10:13:23,Trader 3,113.9,92,1
238,2022-07-02 10:13:35,Trader 4,116.09,172,0
239,2022-07-02 10:13:56,Trader 4,116.51,195,0
240,2022-07-02 10:14:13,Trader 1,114.44,90,0
241,2022-07-02 10:14:27,Trader 2,110.46,48,1
242,2022-07-02 10:17:29,Trader 2,112.92,52,1
243,2022-07-02 10:17:49,Trader 1,115.0,93,0
244,2022-07-02 10:21:29,Trader 1,116.03,89,1
245,2022-07-02 10:22:43,Trader 1,116.08,89,0
246,2022-07-02 10:23:31,Trader 3,114.99,133,1
247,2022-07-02 10:25:51,Trader 1,114.36,96,0
248,2022-07-02 10:27:22,Trader 3,113.8,19,0
249,2022-07-02 10:32:42,Trader 4,116.07,175,0
250,2022-07-02 10:33:19,Trader 4,115.4,238,1
251,2022-07-02 10:33:28,Trader 1,113.79,136,1
252,2022-07-02 10:38:52,Trader 3,115.62,102,1
253,2022-07-02 10:39:20,Trader 3,115.0,171,0
254,2022-07-02 10:39:49,Trader 3,113.55,155,0
255,2022-07-02 10:40:23,Trader 1,116.34,113,0
256,2022-07-02 10:40:24,Trader 3,116.8,95,1
257,2022-07-02 10:40:51,Trader 4,115.08,196,0
258,2022-07-02 10:41:16,Trader 1,113.62,119,0
259,2022-07-02 10:47:48,Trader 3,113.32,103,1
260,2022-07-02 10:49:06,Trader 4,114.96,236,0
261,2022-07-02 10:52:45,Trader 2,113.61,48,1
262,2022-07-02 10:53:28,Trader 4,116.35,201,0
263,2022-07-02 10:56:43,Trader 3,114.62,194,1
264,2022-07-02 10:58:03,Trader 3,114.89,156,1
265,2022-07-02 11:05:00,Trader 2,112.23,64,1
266,2022-07-02 11:05:01,Trader 3,112.46,129,1
267,2022-07-02 11:06:10,Trader 3,116.6,90,1
268,2022-07-02 11:09:04,Trader 1,115.54,105,1
269,2022-07-02 11:09:05,Trader 4,115.38,220,0
270,2022-07-02 11:09:07,Trader 2,111.76,51,0
271,2022-07-02 11:10:32,Trader 1,114.9,112,0
272,2022-07-02 11:11:49,Trader 1,115.59,82,0
273,2022-07-02 11:12:54,Trader 3,114.8,134,0
274,2022-07-02 11:13:13,Trader 1,116.26,116,1
275,2022-07-02 11:13:21,Trader 2,112.26,54,1
276,2022-07-02 11:14:00,Trader 1,115.27,113,1
277,2022-07-02 11:14:04,Trader 1,113.99,95,0
278,2022-07-02 11:15:32,Trader 2,113.07,44,0
279,2022-07-02 11:15:47,Trader 2,111.85,69,1
280,2022-07-02 11:20:22,Trader 4,117.05,182,0
281,2022-07-02 11:22:03,Trader 3,114.86,115,1
282,2022-07-02 11:25:27,Trader 1,115.34,74,1
283,2022-07-02 11:25:32,Trader 1,114.28,130,0
284,2022-07-02 11:25:42,Trader 3,114.42,84,0
285,2022-07-02 11:27:20,Trader 2,112.48,55,1
286,2022-07-02 11:31:57,Trader 1,116.55,83,0
287,2022-07-02 11:32:24,Trader 1,115.06,103,0
288,2022-07-02 11:32:53,Trader 3,114.09,95,1
289,2022-07-02 11:34:21,Trader 4,117.96,188,0
290,2022-07-02 11:34:45,Trader 4,117.93,219,1
291,2022-07-02 11:35:01,Trader 3,114.06,142,1
292,2022-07-02 11:35:02,Trader 1,116.76,95,1
293,2022-07-02 11:39:41,Trader 4,116.38,206,1
294,2022-07-02 11:39:49,Trader 3,114.57,73,1
295,2022-07-02 11:39:59,Trader 4,116.3,179,0
296,2022-07-02 11:41:58,Trader 1,116.41,134,0
297,2022-07-02 11:43:42,Trader 4,115.74,213,0
298,2022-07-02 11:44:19,Trader 1,115.85,92,0
299,2022-07-02 11:47:30,Trader 3,115.92,100,0
300,2022-07-02 11:47:35,Trader 4,115.67,194,0
301,2022-07-02 11:48:50,Trader 1,114.76,82,1
302,2022-07-02 11:49:01,Trader 3,114.07,123,1
303,2022-07-02 11:54:23,Trader 4,116.37,232,0
304,2022-07-02 11:54:27,Trader 2,111.83,46,0
305,2022-07-02 11:54:49,Trader 4,114.68,173,0
306,2022-07-02 12:00:02,Trader 1,115.89,95,0
307,2022-07-02 12:02:12,Trader 3,114.33,102,1
308,2022-07-02 12:11:06,Trader 1,115.75,109,0
309,2022-07-02 12:11:41,Trader 4,116.85,214,0
310,2022-07-02 12:11:50,Trader 4,115.96,224,0
311,2022-07-02 12:11:59,Trader 4,116.98,164,0
312,2022-07-02 12:13:33,Trader 2,111.9,50,0
313,2022-07-02 12:13:35,Trader 4,116.6,224,0
314,2022-07-02 12:16:14,Trader 1,117.17,128,0
315,2022-07-02 12:26:34,Trader 1,115.17,140,0
316,2022-07-02 12:29:13,Trader 1,116.39,133,0
317,2022-07-02 12:29:58,Trader 1,114.73,122,0
318,2022-07-02 12:31:53,Trader 3,114.46,136,1
319,2022-07-02 12:32:34,Trader 3,114.48,109,1
320,2022-07-02 12:32:40,Trader 1,117.34,95,0
321,2022-07-02 12:33:42,Trader 1,116.44,136,0
322,2022-07-02 12:34:08,Trader 1,115.88,81,1
323,2022-07-02 12:38:20,Trader 4,116.96,190,0
324,2022-07-02 12:43:59,Trader 1,113.63,108,1
325,2022-07-02 12:48:56,Trader 2,111.2,68,1
326,2022-07-02 12:49:41,Trader 2,110.27,53,1
327,2022-07-02 12:51:25,Trader 3,116.54,108,1
328,2022-07-02 12:53:09,Trader 1,115.78,88,1
329,2022-07-02 12:54:59,Trader 1,115.02,133,0
330,2022-07-02 12:57:34,Trader 1,115.57,64,0
331,2022-07-02 12:58:23,Trader 3,114.06,125,1
332,2022-07-02 12:58:56,Trader 1,115.71,82,0
333,2022-07-02 12:59:16,Trader 2,112.16,82,0
334,2022-07-02 13:02:38,Trader 4,116.94,225,1
335,2022-07-02 13:03:05,Trader 2,110.08,62,1
336,2022-07-02 13:03:10,Trader 2,112.9,44,1
337,2022-07-02 13:03:25,Trader 1,117.07,91,0
338,2022-07-02 13:07:27,Trader 3,114.66,68,1
339,2022-07-02 13:11:33,Trader 1,115.65,104,0
340,2022-07-02 13:19:14,Trader 3,115.1,81,1
341,2022-07-02 13:21:02,Trader 2,113.3,48,0
342,2022-07-02 13:23:51,Trader 2,112.42,40,1
343,2022-07-02 13:25:43,Trader 4,117.65,155,0
344,2022-07-02 13:27:00,Trader 3,114.58,143,1
345,2022-07-02 13:30:43,Trader 4,114.95,169,0
346,2022-07-02 13:31:03,Trader 3,116.38,80,1
347,2022-07-02 13:32:38,Trader 4,114.53,211,1
348,2022-07-02 13:33:09,Trader 4,116.75,256,0
349,2022-07-02 13:37:22,Trader 4,115.42,227,0
350,2022-07-02 13:38:05,Trader 2,112.27,41,0
351,2022-07-02 13:40:43,Trader 2,112.57,54,1
352,2022-07-02 13:41:44,Trader 4,116.7,184,0
353,2022-07-02 13:43:32,Trader 4,117.37,194,0
354,2022-07-02 13:47:43,Trader 1,114.58,98,0
355,2022-07-02 13:48:22,Trader 2,112.21,49,1
356,2022-07-02 13:48:52,Trader 4,116.1,196,0
357,2022-07-02 13:51:09,Trader 3,114.3,118,0
358,2022-07-02 13:51:28,Trader 2,114.02,51,1
359,2022-07-02 13:54:24,Trader 1,116.32,106,0
360,2022-07-02 13:59:46,Trader 4,115.78,211,0
361,2022-07-02 14:03:07,Trader 1,115.42,74,1
362,2022-07-02 14:05:56,Trader 1,115.63,113,1
363,2022-07-02 14:11:46,Trader 2,112.74,48,0
364,2022-07-02 14:19:01,Trader 1,114.98,91,1
365,2022-07-02 14:20:11,Trader 4,116.35,209,0
366,2022-07-02 14:23:03,Trader 1,116.93,118,0
367,2022-07-02 14:26:46,Trader 4,116.2,239,0
368,2022-07-02 14:31:26,Trader 1,116.39,122,0
369,2022-07-02 14:35:17,Trader 3,114.31,127,0
370,2022-07-02 14:35:34,Trader 4,117.29,235,0
371,2022-07-02 14:36:35,Trader 2,113.18,55,1
372,2022-07-02 14:38:36,Trader 3,114.25,165,1
373,2022-07-02 14:40:14,Trader 1,116.27,77,0
374,2022-07-02 14:41:59,Trader 3,115.74,136,1
375,2022-07-02 14:42:18,Trader 2,112.02,56,0
376,2022-07-02 14:42:25,Trader 2,109.72,59,0
377,2022-07-02 14:48:11,Trader 1,114.91,91,0
378,2022-07-02 14:49:33,Trader 3,114.97,81,1
379,2022-07-02 14:52:36,Trader 3,116.63,192,0
380,2022-07-02 14:55:27,Trader 3,114.77,138,1
381,2022-07-02 14:57:00,Trader 3,115.62,45,1
382,2022-07-02 14:57:19,Trader 3,113.14,153,1
383,2022-07-02 15:03:45,Trader 1,116.58,93,0
384,2022-07-02 15:04:51,Trader 2,111.92,32,0
385,2022-07-02 15:06:57,Trader 4,115.13,201,0
386,2022-07-02 15:08:05,Trader 1,114.49,103,0
387,2022-07-02 15:11:20,Trader 3,115.97,88,1
388,2022-07-02 15:11:21,Trader 4,115.54,191,1
389,2022-07-02 15:13:02,Trader 1,116.94,93,0
390,2022-07-02 15:13:44,Trader 4,115.98,203,0
391,2022-07-02 15:15:15,Trader 4,116.42,193,1
392,2022-07-02 15:17:31,Trader 4,115.74,150,1
393,2022-07-02 15:20:33,Trader 4,116.82,206,0
394,2022-07-02 15:23:51,Trader 1,115.75,72,0
395,2022-07-02 15:24:03,Trader 3,114.89,116,1
396,2022-07-02 15:24:22,Trader 2,112.14,52,0
397,2022-07-02 15:24:47,Trader 2,111.82,51,1
398,2022-07-02 15:24:58,Trader 4,116.88,188,0
399,2022-07-02 15:29:06,Trader 1,114.5,102,0
400,2022-07-03 09:16:34,Trader 3,115.1,97,1
401,2022-07-03 09:16:49,Trader 4,114.9,139,0
402,2022-07-03 09:26:20,Trader 1,116.07,81,1
403,2022-07-03 09:32:04,Trader 3,115.74,125,1
404,2022-07-03 09:32:23,Trader 3,115.81,82,1
405,2022-07-03 09:33:20,Trader 3,115.39,127,0
406,2022-07-03 09:33:28,Trader 3,115.65,79,1
407,2022-07-03 09:36:50,Trader 3,114.38,131,1
408,2022-07-03 09:40:27,Trader 2,112.59,75,1
409,2022-07-03 09:42:51,Trader 4,116.16,205,0
410,2022-07-03 09:43:41,Trader 4,116.76,218,1
411,2022-07-03 09:46:53,Trader 3,115.59,86,1
412,2022-07-03 09:47:08,Trader 3,114.33,147,0
413,2022-07-03 09:47:39,Trader 2,111.86,52,0
414,2022-07-03 09:50:53,Trader 2,112.89,60,1
415,2022-07-03 09:54:48,Trader 4,117.22,178,0
416,2022-07-03 09:57:08,Trader 3,115.56,53,1
417,2022-07-03 09:58:17,Trader 2,111.35,33,1
418,2022-07-03 09:58:28,Trader 4,118.22,211,1
419,2022-07-03 09:59:18,Trader 2,113.44,56,1
420,2022-07-03 09:59:30,Trader 2,110.92,50,0
421,2022-07-03 09:59:37,Trader 1,115.45,102,1
422,2022-07-03 09:59:44,Trader 1,116.68,113,0
423,2022-07-03 10:00:07,Trader 3,115.41,143,1
424,2022-07-03 10:00:10,Trader 2,112.73,38,0
425,2022-07-03 10:00:12,Trader 2,112.55,61,1
426,2022-07-03 10:02:04,Trader 4,115.25,214,1
427,2022-07-03 10:02:13,Trader 2,112.66,46,0
428,2022-07-03 10:05:22,Trader 3,115.37,152,0
429,2022-07-03 10:07:19,Trader 4,116.86,197,1
430,2022-07-03 10:14:05,Trader 4,116.9,202,0
431,2022-07-03 10:17:25,Trader 4,116.65,208,0
432,2022-07-03 10:19:14,Trader 1,114.55,115,0
433,2022-07-03 10:21:32,Trader 4,114.32,185,0
434,2022-07-03 10:21:43,Trader 2,111.1,39,0
435,2022-07-03 10:23:55,Trader 4,116.34,190,0
436,2022-07-03 10:25:13,Trader 1,116.58,43,1
437,2022-07-03 10:25:15,Trader 1,116.71,91,0
438,2022-07-03 10:28:57,Trader 3,115.82,97,1
439,2022-07-03 10:29:29,Trader 4,116.29,224,0
440,2022-07-03 10:29:47,Trader 4,114.42,164,0
441,2022-07-03 10:36:21,Trader 3,114.71,163,1
442,2022-07-03 10:36:30,Trader 2,113.85,30,0
443,2022-07-03 10:40:09,Trader 3,112.98,145,1
444,2022-07-03 10:41:43,Trader 4,115.18,260,0
445,2022-07-03 10:44:18,Trader 4,115.48,164,0
446,2022-07-03 10:46:18,Trader 3,114.45,109,0
447,2022-07-03 10:46:35,Trader 2,113.87,40,0
448,2022-07-03 10:46:51,Trader 1,116.3,102,0
449,2022-07-03 10:47:47,Trader 3,114.69,134,1
450,2022-07-03 10:48:50,Trader 4,116.68,170,0
451,2022-07-03 10:48:52,Trader 1,118.09,121,0
452,2022-07-03 10:52:12,Trader 1,115.46,92,0
453,2022-07-03 10:52:17,Trader 3,115.19,109,1
454,2022-07-03 10:53:18,Trader 1,115.72,89,0
455,2022-07-03 10:53:40,Trader 3,111.95,91,1
456,2022-07-03 10:53:48,Trader 3,114.32,155,0
457,2022-07-03 10:57:09,Trader 3,114.55,125,1
458,2022-07-03 10:58:41,Trader 2,112.55,58,1
459,2022-07-03 11:02:04,Trader 3,114.79,19,0
460,2022-07-03 11:07:39,Trader 1,116.3,109,1
461,2022-07-03 11:07:40,Trader 1,115.2,121,0
462,2022-07-03 11:08:57,Trader 4,115.4,263,0
463,2022-07-03 11:09:10,Trader 2,112.42,47,1
464,2022-07-03 11:09:49,Trader 4,116.46,199,0
465,2022-07-03 11:09:50,Trader 4,116.1,254,0
466,2022-07-03 11:12:15,Trader 3,114.89,148,0
467,2022-07-03 11:15:55,Trader 3,114.33,89,0
468,2022-07-03 11:26:31,Trader 2,111.72,61,1
469,2022-07-03 11:28:33,Trader 4,117.39,143,0
470,2022-07-03 11:33:11,Trader 4,114.84,230,0
471,2022-07-03 11:33:46,Trader 2,111.95,34,1
472,2022-07-03 11:34:45,Trader 4,117.6,177,1
473,2022-07-03 11:36:23,Trader 1,115.2,60,0
474,2022-07-03 11:38:39,Trader 2,112.24,27,1
475,2022-07-03 11:40:13,Trader 2,113.27,48,0
476,2022-07-03 11:40:49,Trader 4,116.96,180,0
477,2022-07-03 11:44:53,Trader 3,115.18,90,1
478,2022-07-03 11:45:21,Trader 2,112.64,55,1
479,2022-07-03 11:46:37,Trader 2,113.47,65,0
480,2022-07-03 11:48:33,Trader 3,116.46,107,0
481,2022-07-03 11:53:28,Trader 4,118.47,199,0
482,2022-07-03 11:56:07,Trader 3,113.63,50,1
483,2022-07-03 12:00:42,Trader 4,116.9,240,1
484,2022-07-03 12:01:49,Trader 3,114.22,94,0
485,2022-07-03 12:02:39,Trader 4,115.81,188,0
486,2022-07-03 12:03:24,Trader 3,114.93,112,1
487,2022-07-03 12:04:26,Trader 1,116.34,115,1
488,2022-07-03 12:04:52,Trader 4,115.63,222,0
489,2022-07-03 12:05:03,Trader 2,112.86,73,1
490,2022-07-03 12:09:45,Trader 2,113.22,70,1
491,2022-07-03 12:11:12,Trader 2,111.74,48,0
492,2022-07-03 12:12:13,Trader 4,118.74,204,0
493,2022-07-03 12:12:56,Trader 1,115.43,103,1
494,2022-07-03 12:14:46,Trader 4,114.71,236,0
495,2022-07-03 12:16:45,Trader 2,114.19,34,0
496,2022-07-03 12:17:54,Trader 2,112.28,20,1
497,2022-07-03 12:18:50,Trader 1,116.26,103,0
498,2022-07-03 12:19:49,Trader 2,110.96,57,0
499,2022-07-03 12:20:38,Trader 1,115.72,81,1
500,2022-07-03 12:21:00,Trader 4,115.89,176,0
501,2022-07-03 12:22:00,Trader 3,114.53,110,1
502,2022-07-03 12:26:47,Trader 3,115.85,122,0
503,2022-07-03 12:28:22,Trader 1,114.5,111,0
504,2022-07-03 12:36:39,Trader 3,115.76,77,1
505,2022-07-03 12:38:27,Trader 2,113.49,42,0
506,2022-07-03 12:38:28,Trader 4,117.66,208,1
507,2022-07-03 12:38:40,Trader 2,111.21,51,1
508,2022-07-03 12:39:30,Trader 3,113.71,169,1
509,2022-07-03 12:41:02,Trader 3,113.9,168,1
510,2022-07-03 12:41:09,Trader 1,115.92,86,1
511,2022-07-03 12:41:59,Trader 1,115.91,108,0
512,2022-07-03 12:43:23,Trader 4,115.99,203,0
513,2022-07-03 12:44:02,Trader 4,116.76,252,1
514,2022-07-03 12:44:25,Trader 1,115.89,115,0
515,2022-07-03 12:46:23,Trader 2,112.07,38,0
516,2022-07-03 12:46:38,Trader 2,113.0,70,1
517,2022-07-03 12:51:05,Trader 3,114.71,148,1
518,2022-07-03 12:53:37,Trader 4,113.55,233,0
519,2022-07-03 12:56:29,Trader 2,112.63,45,0
520,2022-07-03 12:58:25,Trader 3,114.93,61,1
521,2022-07-03 13:00:14,Trader 1,115.49,84,1
522,2022-07-03 13:00:24,Trader 3,115.08,167,1
523,2022-07-03 13:01:57,Trader 1,116.16,106,1
524,2022-07-03 13:05:19,Trader 3,115.43,52,0
525,2022-07-03 13:05:38,Trader 1,115.54,97,1
526,2022-07-03 13:05:43,Trader 3,114.6,139,1
527,2022-07-03 13:06:17,Trader 2,110.73,44,0
528,2022-07-03 13:06:55,Trader 4,115.72,196,1
529,2022-07-03 13:09:19,Trader 1,116.88,112,0
530,2022-07-03 13:10:02,Trader 4,117.21,203,0
531,2022-07-03 13:11:18,Trader 4,114.85,201,1
532,2022-07-03 13:14:31,Trader 3,114.57,135,0
533,2022-07-03 13:15:42,Trader 1,115.93,91,0
534,2022-07-03 13:19:05,Trader 3,114.5,99,1
535,2022-07-03 13:19:24,Trader 2,113.24,64,0
536,2022-07-03 13:19:31,Trader 1,113.74,102,1
537,2022-07-03 13:19:51,Trader 4,116.16,182,0
538,2022-07-03 13:21:29,Trader 1,115.17,60,0
539,2022-07-03 13:21:47,Trader 2,112.14,55,1
540,2022-07-03 13:21:59,Trader 3,115.8,86,1
541,2022-07-03 13:25:44,Trader 3,116.36,162,0
542,2022-07-03 13:25:48,Trader 3,114.63,170,0
543,2022-07-03 13:30:49,Trader 2,113.1,61,1
544,2022-07-03 13:31:25,Trader 1,114.27,94,0
545,2022-07-03 13:33:03,Trader 2,112.34,56,0
546,2022-07-03 13:33:27,Trader 2,111.91,59,0
547,2022-07-03 13:41:10,Trader 3,115.48,114,1
548,2022-07-03 13:42:02,Trader 4,116.84,148,0
549,2022-07-03 13:42:04,Trader 4,117.1,211,0
550,2022-07-03 13:43:17,Trader 3,115.51,178,0
551,2022-07-03 13:44:21,Trader 4,116.88,224,1
552,2022-07-03 13:51:45,Trader 2,111.22,51,0
553,2022-07-03 13:53:00,Trader 3,114.59,149,0
554,2022-07-03 13:56:47,Trader 2,112.44,46,0
555,2022-07-03 13:56:49,Trader 2,112.19,30,1
556,2022-07-03 13:57:49,Trader 3,115.92,105,1
557,2022-07-03 13:59:21,Trader 1,114.33,134,0
558,2022-07-03 14:01:38,Trader 2,111.46,30,0
559,2022-07-03 14:07:22,Trader 3,116.69,142,1
560,2022-07-03 14:08:14,Trader 4,116.56,195,0
561,2022-07-03 14:09:53,Trader 1,115.58,93,0
562,2022-07-03 14:11:20,Trader 3,115.45,75,0
563,2022-07-03 14:12:37,Trader 1,114.8,121,0
564,2022-07-03 14:14:10,Trader 3,115.17,122,0
565,2022-07-03 14:15:07,Trader 2,111.77,73,1
566,2022-07-03 14:20:16,Trader 4,115.25,151,0
567,2022-07-03 14:23:30,Trader 2,112.6,59,0
568,2022-07-03 14:25:08,Trader 1,116.25,112,1
569,2022-07-03 14:28:09,Trader 3,114.62,92,1
570,2022-07-03 14:33:00,Trader 1,114.81,74,0
571,2022-07-03 14:33:02,Trader 1,113.92,97,0
572,2022-07-03 14:34:27,Trader 3,115.51,110,1
573,2022-07-03 14:34:38,Trader 3,114.27,171,1
574,2022-07-03 14:34:57,Trader 4,115.16,232,1
575,2022-07-03 14:35:48,Trader 1,114.18,87,0
576,2022-07-03 14:37:41,Trader 3,117.23,163,1
577,2022-07-03 14:37:59,Trader 3,115.85,142,1
578,2022-07-03 14:38:42,Trader 4,115.13,167,0
579,2022-07-03 14:40:26,Trader 1,114.95,61,0
580,2022-07-03 14:44:07,Trader 2,112.11,53,0
581,2022-07-03 14:45:33,Trader 1,116.44,90,0
582,2022-07-03 14:50:27,Trader 1,116.66,102,0
583,2022-07-03 14:51:53,Trader 4,114.77,225,0
584,2022-07-03 14:53:26,Trader 1,115.22,76,1
585,2022-07-03 14:55:59,Trader 4,116.4,219,0
586,2022-07-03 14:57:43,Trader 2,111.78,45,0
587,2022-07-03 14:58:54,Trader 4,116.66,219,0
588,2022-07-03 14:59:19,Trader 1,115.08,104,1
589,2022-07-03 15:03:58,Trader 2,113.14,55,1
590,2022-07-03 15:05:49,Trader 4,114.05,232,0
591,2022-07-03 15:07:36,Trader 2,112.0,54,0
592,2022-07-03 15:08:30,Trader 4,114.48,160,0
593,2022-07-03 15:08:47,Trader 1,114.39,103,1
594,2022-07-03 15:10:49,Trader 2,114.11,51,0
595,2022-07-03 15:11:01,Trader 4,114.71,201,0
596,2022-07-03 15:15:05,Trader 1,117.83,99,0
597,2022-07-03 15:15:07,Trader 4,114.54,187,0
598,2022-07-03 15:20:50,Trader 1,117.6,111,1
599,2022-07-03 15:24:25,Trader 1,115.23,84,0
600,2022-07-04 09:15:59,Trader 2,112.05,55,1
601,2022-07-04 09:20:36,Trader 1,115.02,113,0
602,2022-07-04 09:21:07,Trader 2,111.56,48,0
603,2022-07-04 09:21:59,Trader 3,115.39,132,1
604,2022-07-04 09:27:23,Trader 3,113.72,105,1
605,2022-07-04 09:30:12,Trader 1,114.29,86,0
606,2022-07-04 09:32:24,Trader 1,114.89,95,0
607,2022-07-04 09:33:52,Trader 2,112.67,51,0
608,2022-07-04 09:34:39,Trader 3,114.61,112,1
609,2022-07-04 09:35:25,Trader 3,115.08,185,1
610,2022-07-04 09:37:06,Trader 4,117.88,162,0
611,2022-07-04 09:38:43,Trader 1,116.15,97,1
612,2022-07-04 09:39:39,Trader 1,115.54,57,0
613,2022-07-04 09:41:48,Trader 3,114.28,148,1
614,2022-07-04 09:43:14,Trader 3,115.35,99,0
615,2022-07-04 09:44:23,Trader 1,117.03,107,0
616,2022-07-04 09:46:33,Trader 3,114.14,95,0
617,2022-07-04 09:47:22,Trader 1,114.16,73,0
618,2022-07-04 09:47:40,Trader 4,115.23,210,0
619,2022-07-04 09:48:13,Trader 4,115.48,197,1
620,2022-07-04 09:49:56,Trader 1,116.12,80,0
621,2022-07-04 09:50:12,Trader 3,114.34,137,1
622,2022-07-04 09:50:23,Trader 4,114.23,185,0
623,2022-07-04 09:52:11,Trader 3,117.49,106,1
624,2022-07-04 10:00:21,Trader 1,113.86,99,0
625,2022-07-04 10:04:09,Trader 4,115.39,190,0
626,2022-07-04 10:04:17,Trader 4,114.16,184,1
627,2022-07-04 10:05:46,Trader 3,115.93,70,0
628,2022-07-04 10:06:29,Trader 1,115.02,119,0
629,2022-07-04 10:07:30,Trader 2,111.4,54,0
630,2022-07-04 10:08:40,Trader 1,116.31,86,1
631,2022-07-04 10:09:43,Trader 4,117.83,191,0
632,2022-07-04 10:12:30,Trader 1,116.49,111,0
633,2022-07-04 10:16:59,Trader 2,113.53,43,0
634,2022-07-04 10:20:50,Trader 4,114.87,209,0
635,2022-07-04 10:21:54,Trader 3,114.31,124,1
636,2022-07-04 10:23:32,Trader 4,117.22,204,0
637,2022-07-04 10:24:26,Trader 4,116.69,242,0
638,2022-07-04 10:25:44,Trader 4,116.85,169,1
639,2022-07-04 10:26:09,Trader 2,112.33,65,0
640,2022-07-04 10:27:30,Trader 1,116.08,99,0
641,2022-07-04 10:33:15,Trader 2,112.12,55,0
642,2022-07-04 10:33:39,Trader 4,114.1,176,0
643,2022-07-04 10:35:58,Trader 4,115.2,162,1
644,2022-07-04 10:41:52,Trader 4,113.69,190,0
645,2022-07-04 10:46:57,Trader 2,109.9,43,1
646,2022-07-04 10:49:12,Trader 2,113.63,46,0
647,2022-07-04 10:52:54,Trader 4,115.44,221,0
648,2022-07-04 10:55:46,Trader 3,115.13,122,1
649,2022-07-04 10:59:05,Trader 4,116.15,235,1
650,2022-07-04 11:00:18,Trader 2,111.13,49,1
651,2022-07-04 11:01:50,Trader 2,114.66,52,1
652,2022-07-04 11:09:08,Trader 3,116.51,112,1
653,2022-07-04 11:09:56,Trader 4,116.57,202,0
654,2022-07-04 11:10:15,Trader 3,117.16,106,1
655,2022-07-04 11:13:01,Trader 2,113.19,45,1
656,2022-07-04 11:13:46,Trader 4,117.75,176,1
657,2022-07-04 11:15:33,Trader 2,113.11,57,0
658,2022-07-04 11:17:17,Trader 2,113.41,43,1
659,2022-07-04 11:17:57,Trader 4,116.85,208,1
660,2022-07-04 11:19:42,Trader 1,115.38,86,0
661,2022-07-04 11:21:20,Trader 1,115.54,113,0
662,2022-07-04 11:23:02,Trader 2,110.7,38,0
663,2022-07-04 11:23:56,Trader 3,116.35,137,1
664,2022-07-04 11:25:11,Trader 2,111.28,45,1
665,2022-07-04 11:30:57,Trader 3,112.89,92,1
666,2022-07-04 11:34:36,Trader 3,115.92,205,1
667,2022-07-04 11:34:46,Trader 1,115.81,96,1
668,2022-07-04 11:36:02,Trader 4,114.99,202,0
669,2022-07-04 11:36:54,Trader 3,114.68,72,1
670,2022-07-04 11:42:50,Trader 2,112.31,48,0
671,2022-07-04 11:45:57,Trader 1,116.54,69,0
672,2022-07-04 11:47:44,Trader 4,115.12,203,1
673,2022-07-04 11:47:59,Trader 1,115.01,106,1
674,2022-07-04 11:48:00,Trader 2,111.57,54,1
675,2022-07-04 11:48:43,Trader 4,117.7,218,0
676,2022-07-04 11:55:58,Trader 1,115.05,77,1
677,2022-07-04 11:58:06,Trader 4,116.98,182,0
678,2022-07-04 12:00:07,Trader 3,112.98,133,1
679,2022-07-04 12:04:19,Trader 1,115.38,61,0
680,2022-07-04 12:04:28,Trader 1,116.6,112,1
681,2022-07-04 12:05:45,Trader 3,114.25,137,0
682,2022-07-04 12:06:52,Trader 1,116.02,99,0
683,2022-07-04 12:09:24,Trader 3,114.69,47,1
684,2022-07-04 12:11:39,Trader 2,110.73,30,0
685,2022-07-04 12:11:46,Trader 1,116.41,63,1
686,2022-07-04 12:12:23,Trader 1,115.84,79,0
687,2022-07-04 12:17:04,Trader 3,115.76,137,1
688,2022-07-04 12:20:40,Trader 1,116.19,97,0
689,2022-07-04 12:21:16,Trader 4,113.62,177,0
690,2022-07-04 12:23:17,Trader 1,115.72,81,0
691,2022-07-04 12:28:49,Trader 2,111.09,44,0
692,2022-07-04 12:29:18,Trader 4,116.66,184,0
693,2022-07-04 12:30:01,Trader 3,114.52,131,1
694,2022-07-04 12:30:17,Trader 2,111.08,40,1
695,2022-07-04 12:32:31,Trader 1,116.98,123,1
696,2022-07-04 12:32:57,Trader 3,115.33,174,1
697,2022-07-04 12:34:59,Trader 2,112.4,41,1
698,2022-07-04 12:35:03,Trader 2,112.78,49,0
699,2022-07-04 12:35:38,Trader 2,112.17,51,0
700,2022-07-04 12:37:37,Trader 2,111.99,50,1
701,2022-07-04 12:40:22,Trader 2,111.35,45,1
702,2022-07-04 12:40:33,Trader 3,115.98,94,1
703,2022-07-04 12:41:51,Trader 4,115.71,174,0
704,2022-07-04 12:42:44,Trader 1,114.89,84,0
705,2022-07-04 12:44:51,Trader 4,116.21,211,0
706,2022-07-04 12:45:14,Trader 2,111.29,48,0
707,2022-07-04 12:46:28,Trader 3,115.86,114,1
708,2022-07-04 12:47:08,Trader 4,116.99,208,0
709,2022-07-04 12:50:01,Trader 1,113.53,78,1
710,2022-07-04 12:52:53,Trader 3,114.94,107,1
711,2022-07-04 12:56:15,Trader 2,113.45,53,0
712,2022-07-04 12:57:56,Trader 3,115.56,109,1
713,2022-07-04 12:59:22,Trader 1,117.28,102,0
714,2022-07-04 13:01:36,Trader 1,117.44,86,1
715,2022-07-04 13:04:27,Trader 4,116.66,208,0
716,2022-07-04 13:05:56,Trader 1,115.75,114,0
717,2022-07-04 13:06:57,Trader 2,111.72,52,0
718,2022-07-04 13:08:44,Trader 3,113.64,101,1
719,2022-07-04 13:08:46,Trader 1,114.38,135,0
720,2022-07-04 13:10:44,Trader 1,114.81,84,0
721,2022-07-04 13:17:34,Trader 1,116.77,109,1
722,2022-07-04 13:18:11,Trader 2,111.89,42,1
723,2022-07-04 13:21:27,Trader 2,111.16,35,0
724,2022-07-04 13:29:13,Trader 2,113.7,47,1
725,2022-07-04 13:29:52,Trader 3,114.88,45,1
726,2022-07-04 13:30:11,Trader 1,115.96,83,1
727,2022-07-04 13:30:25,Trader 4,116.19,187,1
728,2022-07-04 13:30:46,Trader 1,115.82,113,0
729,2022-07-04 13:32:37,Trader 1,115.93,65,0
730,2022-07-04 13:33:24,Trader 4,115.82,197,1
731,2022-07-04 13:35:30,Trader 3,116.38,124,1
732,2022-07-04 13:37:16,Trader 2,110.58,42,0
733,2022-07-04 13:37:59,Trader 3,114.01,24,1
734,2022-07-04 13:40:49,Trader 2,112.12,67,1
735,2022-07-04 13:41:01,Trader 3,115.27,171,1
736,2022-07-04 13:41:32,Trader 1,116.15,118,0
737,2022-07-04 13:44:43,Trader 2,113.79,54,1
738,2022-07-04 13:47:47,Trader 3,115.29,161,0
739,2022-07-04 13:50:26,Trader 4,116.55,197,0
740,2022-07-04 13:50:53,Trader 2,111.03,43,0
741,2022-07-04 13:50:54,Trader 4,116.47,225,1
742,2022-07-04 13:51:34,Trader 3,114.61,148,1
743,2022-07-04 13:53:05,Trader 3,116.92,185,1
744,2022-07-04 13:58:17,Trader 3,115.46,127,0
745,2022-07-04 13:58:47,Trader 4,117.71,235,0
746,2022-07-04 13:59:32,Trader 1,115.7,97,0
747,2022-07-04 13:59:33,Trader 4,115.89,211,0
748,2022-07-04 14:01:18,Trader 4,114.46,209,0
749,2022-07-04 14:01:46,Trader 2,112.53,51,1
750,2022-07-04 14:05:43,Trader 4,116.93,200,0
751,2022-07-04 14:07:54,Trader 2,111.81,55,1
752,2022-07-04 14:08:44,Trader 4,116.41,218,0
753,2022-07-04 14:09:48,Trader 2,109.3,64,0
754,2022-07-04 14:10:19,Trader 1,117.39,110,0
755,2022-07-04 14:12:42,Trader 2,111.79,42,1
756,2022-07-04 14:13:38,Trader 3,114.85,173,0
757,2022-07-04 14:14:40,Trader 4,114.69,194,0
758,2022-07-04 14:19:05,Trader 4,115.41,175,0
759,2022-07-04 14:21:08,Trader 2,112.56,55,0
760,2022-07-04 14:22:43,Trader 2,111.37,42,0
761,2022-07-04 14:25:34,Trader 2,113.46,47,1
762,2022-07-04 14:26:32,Trader 3,115.41,182,1
763,2022-07-04 14:27:55,Trader 1,117.2,116,0
764,2022-07-04 14:28:58,Trader 3,115.04,163,1
765,2022-07-04 14:29:53,Trader 2,113.9,63,1
766,2022-07-04 14:34:39,Trader 3,114.42,133,1
767,2022-07-04 14:36:01,Trader 1,115.98,108,0
768,2022-07-04 14:36:36,Trader 3,113.25,151,1
769,2022-07-04 14:37:02,Trader 1,115.79,114,1
770,2022-07-04 14:41:11,Trader 1,117.46,103,0
771,2022-07-04 14:42:02,Trader 2,113.87,37,0
772,2022-07-04 14:44:37,Trader 1,115.69,111,0
773,2022-07-04 14:45:28,Trader 2,110.04,51,0
774,2022-07-04 14:46:22,Trader 3,113.22,90,1
775,2022-07-04 14:46:52,Trader 2,113.48,42,1
776,2022-07-04 14:47:38,Trader 4,116.03,175,0
777,2022-07-04 14:50:46,Trader 3,114.2,186,1
778,2022-07-04 14:53:38,Trader 4,114.49,122,0
779,2022-07-04 14:55:00,Trader 3,114.93,64,1
780,2022-07-04 14:55:26,Trader 2,110.88,56,1
781,2022-07-04 15:00:03,Trader 3,115.44,137,1
782,2022-07-04 15:05:00,Trader 3,114.6,65,1
783,2022-07-04 15:07:15,Trader 4,114.6,218,0
784,2022-07-04 15:08:06,Trader 2,112.31,62,0
785,2022-07-04 15:08:34,Trader 1,117.36,91,0
786,2022-07-04 15:08:34,Trader 2,112.43,50,0
787,2022-07-04 15:12:58,Trader 1,115.2,175,0
788,2022-07-04 15:13:50,Trader 1,114.34,100,0
789,2022-07-04 15:14:05,Trader 4,114.67,242,0
790,2022-07-04 15:14:28,Trader 2,113.71,69,0
791,2022-07-04 15:15:51,Trader 2,112.49,49,1
792,2022-07-04 15:17:10,Trader 2,112.71,55,0
793,2022-07-04 15:17:58,Trader 3,115.8,183,1
794,2022-07-04 15:19:47,Trader 2,112.48,43,0
795,2022-07-04 15:21:31,Trader 4,114.99,203,0
796,2022-07-04 15:24:13,Trader 4,116.68,221,1
797,2022-07-04 15:24:26,Trader 2,112.74,48,0
798,2022-07-04 15:26:08,Trader 2,112.89,61,0
799,2022-07-04 15:29:35,Trader 4,114.3,162,0
800,2022-07-05 09:21:52,Trader 3,114.75,124,0
801,2022-07-05 09:24:55,Trader 1,114.56,97,1
802,2022-07-05 09:25:04,Trader 1,116.24,93,1
803,2022-07-05 09:25:09,Trader 4,113.67,161,0
804,2022-07-05 09:25:13,Trader 4,116.81,229,0
805,2022-07-05 09:27:13,Trader 4,116.33,199,0
806,2022-07-05 09:28:53,Trader 2,112.85,40,1
807,2022-07-05 09:29:46,Trader 3,116.29,124,1
808,2022-07-05 09:36:07,Trader 2,110.73,36,0
809,2022-07-05 09:37:16,Trader 3,115.24,133,0
810,2022-07-05 09:37:25,Trader 1,115.48,113,0
811,2022-07-05 09:41:55,Trader 2,112.76,35,0
812,2022-07-05 09:42:06,Trader 4,116.0,235,0
813,2022-07-05 09:43:40,Trader 3,115.25,180,1
814,2022-07-05 09:44:11,Trader 1,115.38,91,0
815,2022-07-05 09:44:18,Trader 3,114.83,204,1
816,2022-07-05 09:46:43,Trader 4,114.87,236,0
817,2022-07-05 09:46:46,Trader 1,114.17,83,1
818,2022-07-05 09:47:13,Trader 1,113.54,107,1
819,2022-07-05 09:49:48,Trader 2,112.88,47,0
820,2022-07-05 09:52:28,Trader 4,117.0,220,0
821,2022-07-05 09:53:28,Trader 4,117.2,256,0
822,2022-07-05 09:56:20,Trader 3,115.7,197,1
823,2022-07-05 09:57:15,Trader 3,114.23,114,1
824,2022-07-05 10:00:03,Trader 3,115.66,99,0
825,2022-07-05 10:00:08,Trader 3,115.08,74,0
826,2022-07-05 10:02:15,Trader 1,115.51,76,1
827,2022-07-05 10:05:51,Trader 4,115.11,255,0
828,2022-07-05 10:06:19,Trader 1,116.33,95,0
829,2022-07-05 10:08:49,Trader 3,116.21,159,1
830,2022-07-05 10:09:31,Trader 4,114.55,186,0
831,2022-07-05 10:15:31,Trader 2,112.28,32,1
832,2022-07-05 10:17:03,Trader 2,110.66,52,0
833,2022-07-05 10:17:05,Trader 1,113.87,115,0
834,2022-07-05 10:22:42,Trader 1,116.48,75,0
835,2022-07-05 10:23:46,Trader 2,110.65,45,0
836,2022-07-05 10:24:25,Trader 3,113.3,137,1
837,2022-07-05 10:25:53,Trader 1,115.83,94,1
838,2022-07-05 10:27:05,Trader 3,115.87,142,0
839,2022-07-05 10:29:38,Trader 3,115.07,94,1
840,2022-07-05 10:31:24,Trader 2,111.67,46,0
841,2022-07-05 10:34:51,Trader 4,116.67,202,1
842,2022-07-05 10:35:08,Trader 2,112.78,49,0
843,2022-07-05 10:36:13,Trader 1,115.11,110,1
844,2022-07-05 10:36:57,Trader 1,115.4,105,0
845,2022-07-05 10:36:58,Trader 1,114.62,88,0
846,2022-07-05 10:39:55,Trader 2,111.78,82,1
847,2022-07-05 10:40:23,Trader 4,116.28,192,0
848,2022-07-05 10:43:16,Trader 3,113.57,161,1
849,2022-07-05 10:46:27,Trader 4,115.68,215,1
850,2022-07-05 10:47:20,Trader 2,112.37,51,1
851,2022-07-05 10:48:20,Trader 4,116.32,204,0
852,2022-07-05 10:50:39,Trader 4,116.53,204,0
853,2022-07-05 10:51:51,Trader 2,112.11,35,1
854,2022-07-05 10:53:33,Trader 2,111.23,48,0
855,2022-07-05 10:56:11,Trader 4,116.29,264,0
856,2022-07-05 10:56:52,Trader 1,116.04,115,0
857,2022-07-05 10:57:48,Trader 3,115.94,144,0
858,2022-07-05 10:58:18,Trader 3,115.61,107,0
859,2022-07-05 11:00:58,Trader 4,115.37,194,0
860,2022-07-05 11:04:02,Trader 3,114.09,53,1
861,2022-07-05 11:04:20,Trader 2,112.11,36,0
862,2022-07-05 11:05:18,Trader 2,112.59,60,0
863,2022-07-05 11:05:47,Trader 2,113.44,55,1
864,2022-07-05 11:09:04,Trader 2,112.7,46,0
865,2022-07-05 11:09:45,Trader 2,113.5,26,1
866,2022-07-05 11:10:49,Trader 2,114.19,63,1
867,2022-07-05 11:11:32,Trader 4,117.17,171,0
868,2022-07-05 11:12:53,Trader 3,114.39,110,1
869,2022-07-05 11:14:14,Trader 3,113.59,81,0
870,2022-07-05 11:14:35,Trader 4,116.27,190,1
871,2022-07-05 11:15:03,Trader 3,114.47,147,0
872,2022-07-05 11:15:30,Trader 1,115.68,124,1
873,2022-07-05 11:18:27,Trader 4,117.05,207,0
874,2022-07-05 11:20:53,Trader 4,116.7,171,0
875,2022-07-05 11:21:54,Trader 3,115.92,186,0
876,2022-07-05 11:22:42,Trader 3,116.04,185,1
877,2022-07-05 11:25:49,Trader 2,112.17,34,1
878,2022-07-05 11:27:15,Trader 1,115.35,82,0
879,2022-07-05 11:31:04,Trader 2,114.21,47,0
880,2022-07-05 11:33:24,Trader 1,116.68,89,0
881,2022-07-05 11:34:57,Trader 2,113.8,63,1
882,2022-07-05 11:35:59,Trader 3,114.86,133,1
883,2022-07-05 11:51:19,Trader 4,116.71,171,0
884,2022-07-05 11:53:08,Trader 3,115.46,104,0
885,2022-07-05 11:57:04,Trader 2,111.78,40,1
886,2022-07-05 11:58:17,Trader 1,113.94,89,1
887,2022-07-05 12:00:16,Trader 2,113.36,52,1
888,2022-07-05 12:01:46,Trader 2,111.31,53,1
889,2022-07-05 12:01:56,Trader 1,116.57,92,0
890,2022-07-05 12:04:02,Trader 2,112.55,60,1
891,2022-07-05 12:04:18,Trader 2,111.46,54,0
892,2022-07-05 12:05:19,Trader 3,113.98,83,0
893,2022-07-05 12:05:20,Trader 2,112.5,48,0
894,2022-07-05 12:05:30,Trader 1,116.12,66,0
895,2022-07-05 12:07:35,Trader 2,111.45,39,0
896,2022-07-05 12:08:04,Trader 4,116.93,184,0
897,2022-07-05 12:09:49,Trader 1,115.16,87,1
898,2022-07-05 12:10:37,Trader 3,116.03,144,1
899,2022-07-05 12:11:43,Trader 2,112.11,60,0
900,2022-07-05 12:13:55,Trader 2,112.23,46,1
901,2022-07-05 12:16:13,Trader 4,116.97,177,0
902,2022-07-05 12:17:16,Trader 3,113.2,114,1
903,2022-07-05 12:17:55,Trader 4,115.42,185,0
904,2022-07-05 12:21:16,Trader 3,114.61,123,0
905,2022-07-05 12:21:23,Trader 1,114.82,116,1
906,2022-07-05 12:22:02,Trader 1,115.65,61,1
907,2022-07-05 12:22:12,Trader 2,112.26,51,1
908,2022-07-05 12:25:55,Trader 2,111.04,61,1
909,2022-07-05 12:26:18,Trader 2,112.61,29,1
910,2022-07-05 12:29:55,Trader 1,115.41,113,0
911,2022-07-05 12:32:45,Trader 2,111.5,49,1
912,2022-07-05 12:36:36,Trader 2,111.13,60,0
913,2022-07-05 12:44:47,Trader 3,114.67,136,1
914,2022-07-05 12:49:20,Trader 1,115.55,118,1
915,2022-07-05 12:50:28,Trader 3,114.71,157,1
916,2022-07-05 12:52:21,Trader 4,115.38,223,1
917,2022-07-05 12:53:09,Trader 4,115.66,211,1
918,2022-07-05 12:53:54,Trader 1,116.56,75,0
919,2022-07-05 13:00:05,Trader 3,115.19,108,0
920,2022-07-05 13:00:11,Trader 1,115.46,76,0
921,2022-07-05 13:00:52,Trader 4,115.98,215,0
922,2022-07-05 13:05:05,Trader 4,117.18,197,0
923,2022-07-05 13:07:27,Trader 3,115.39,193,0
924,2022-07-05 13:09:58,Trader 3,116.52,73,1
925,2022-07-05 13:10:42,Trader 4,115.96,134,0
926,2022-07-05 13:10:54,Trader 1,116.12,104,1
927,2022-07-05 13:11:36,Trader 4,115.4,217,0
928,2022-07-05 13:12:09,Trader 4,116.34,226,1
929,2022-07-05 13:15:19,Trader 2,112.11,44,0
930,2022-07-05 13:16:03,Trader 2,109.87,52,0
931,2022-07-05 13:16:47,Trader 3,114.2,201,0
932,2022-07-05 13:19:37,Trader 2,110.64,53,1
933,2022-07-05 13:22:54,Trader 4,117.45,192,0
934,2022-07-05 13:23:09,Trader 4,114.78,216,0
935,2022-07-05 13:27:03,Trader 3,114.64,108,1
936,2022-07-05 13:27:24,Trader 3,113.81,26,0
937,2022-07-05 13:28:08,Trader 1,113.74,109,0
938,2022-07-05 13:29:32,Trader 4,117.76,191,1
939,2022-07-05 13:33:32,Trader 1,114.47,53,0
940,2022-07-05 13:34:20,Trader 1,114.94,72,0
941,2022-07-05 13:43:44,Trader 4,115.15,190,0
942,2022-07-05 13:44:52,Trader 4,117.1,197,0
943,2022-07-05 13:45:34,Trader 4,117.51,240,0
944,2022-07-05 13:45:41,Trader 1,114.14,54,0
945,2022-07-05 13:47:12,Trader 2,112.75,31,0
946,2022-07-05 13:48:34,Trader 4,115.59,189,0
947,2022-07-05 13:50:23,Trader 2,111.72,50,0
948,2022-07-05 13:51:15,Trader 2,112.64,53,1
949,2022-07-05 13:53:30,Trader 4,115.93,241,1
950,2022-07-05 13:55:39,Trader 2,110.98,30,1
951,2022-07-05 13:56:35,Trader 3,116.17,95,0
952,2022-07-05 13:57:44,Trader 2,110.56,50,1
953,2022-07-05 13:59:17,Trader 4,114.11,188,0
954,2022-07-05 13:59:34,Trader 1,112.67,103,0
955,2022-07-05 14:01:16,Trader 2,112.44,60,0
956,2022-07-05 14:04:49,Trader 2,112.14,46,0
957,2022-07-05 14:05:01,Trader 4,116.03,216,0
958,2022-07-05 14:09:19,Trader 2,111.82,55,1
959,2022-07-05 14:16:14,Trader 3,115.19,146,1
960,2022-07-05 14:16:31,Trader 2,111.92,59,0
961,2022-07-05 14:17:17,Trader 4,116.19,197,0
962,2022-07-05 14:18:04,Trader 3,114.14,94,0
963,2022-07-05 14:19:56,Trader 3,115.76,148,0
964,2022-07-05 14:24:32,Trader 4,115.74,226,0
965,2022-07-05 14:24:50,Trader 2,111.57,50,0
966,2022-07-05 14:27:58,Trader 3,115.09,154,1
967,2022-07-05 14:29:11,Trader 3,116.77,167,1
968,2022-07-05 14:33:20,Trader 1,114.52,86,0
969,2022-07-05 14:33:35,Trader 2,111.3,62,0
970,2022-07-05 14:37:46,Trader 1,114.43,98,1
971,2022-07-05 14:39:25,Trader 4,113.47,207,0
972,2022-07-05 14:42:18,Trader 2,111.64,47,0
973,2022-07-05 14:44:46,Trader 1,117.62,91,0
974,2022-07-05 14:45:14,Trader 3,114.56,137,1
975,2022-07-05 14:46:29,Trader 1,114.79,97,1
976,2022-07-05 14:49:05,Trader 3,116.12,93,1
977,2022-07-05 14:52:00,Trader 2,112.6,39,1
978,2022-07-05 14:55:04,Trader 2,112.28,51,0
979,2022-07-05 14:56:04,Trader 3,115.01,125,0
980,2022-07-05 14:56:25,Trader 1,116.53,122,0
981,2022-07-05 14:58:21,Trader 3,115.69,118,0
982,2022-07-05 14:59:52,Trader 1,114.69,126,0
983,2022-07-05 15:00:00,Trader 3,114.36,161,1
984,2022-07-05 15:01:28,Trader 2,111.23,48,0
985,2022-07-05 15:02:04,Trader 4,113.6,202,0
986,2022-07-05 15:03:00,Trader 2,113.42,51,1
987,2022-07-05 15:10:44,Trader 4,116.06,203,0
988,2022-07-05 15:14:26,Trader 4,116.92,211,0
989,2022-07-05 15:17:02,Trader 2,113.29,34,0
990,2022-07-05 15:17:52,Trader 1,116.09,24,0
991,2022-07-05 15:19:28,Trader 2,112.52,56,1
992,2022-07-05 15:20:41,Trader 3,116.97,75,1
993,2022-07-05 15:22:50,Trader 3,115.2,87,1
994,2022-07-05 15:22:51,Trader 2,110.57,45,0
995,2022-07-05 15:25:35,Trader 3,112.34,141,1
996,2022-07-05 15:25:43,Trader 2,113.28,49,1
997,2022-07-05 15:29:01,Trader 4,116.69,233,0
998,2022-07-05 15:29:24,Trader 4,114.61,202,0
999,2022-07-05 15:29:59,Trader 4,116.17,171,0
1000,2022-07-06 09:15:14,Trader 4,116.92,160,1
1001,2022-07-06 09:17:52,Trader 2,110.35,40,0
1002,2022-07-06 09:18:06,Trader 3,113.82,102,1
1003,2022-07-06 09:21:48,Trader 1,114.61,127,1
1004,2022-07-06 09:22:23,Trader 4,116.47,210,1
1005,2022-07-06 09:22:36,Trader 3,116.92,107,1
1006,2022-07-06 09:26:22,Trader 4,116.89,223,0
1007,2022-07-06 09:27:37,Trader 3,114.04,117,0
1008,2022-07-06 09:29:36,Trader 4,115.89,208,0
1009,2022-07-06 09:30:01,Trader 4,116.23,192,1
1010,2022-07-06 09:34:22,Trader 2,111.69,58,0
1011,2022-07-06 09:36:22,Trader 3,114.28,157,1
1012,2022-07-06 09:36:50,Trader 4,115.63,221,0
1013,2022-07-06 09:38:33,Trader 2,111.92,63,1
1014,2022-07-06 09:38:37,Trader 1,115.99,106,0
1015,2022-07-06 09:40:36,Trader 1,115.58,104,0
1016,2022-07-06 09:41:10,Trader 4,114.94,190,0
1017,2022-07-06 09:41:49,Trader 1,115.76,120,0
1018,2022-07-06 09:42:03,Trader 1,114.81,130,1
1019,2022-07-06 09:42:19,Trader 3,116.27,163,1
1020,2022-07-06 09:44:26,Trader 3,115.67,120,0
1021,2022-07-06 09:44:37,Trader 1,115.96,95,0
1022,2022-07-06 09:46:19,Trader 2,111.09,42,1
1023,2022-07-06 09:50:03,Trader 4,116.33,244,0
1024,2022-07-06 09:51:13,Trader 2,111.51,29,0
1025,2022-07-06 09:51:14,Trader 2,111.76,59,0
1026,2022-07-06 09:51:44,Trader 3,114.53,106,1
1027,2022-07-06 09:54:14,Trader 3,113.74,109,1
1028,2022-07-06 09:55:57,Trader 2,111.06,67,0
1029,2022-07-06 09:56:18,Trader 4,116.99,255,0
1030,2022-07-06 09:57:25,Trader 2,110.95,46,1
1031,2022-07-06 10:01:07,Trader 4,116.73,175,0
1032,2022-07-06 10:01:32,Trader 2,114.69,38,0
1033,2022-07-06 10:02:42,Trader 3,115.8,67,0
1034,2022-07-06 10:02:52,Trader 4,116.14,238,0
1035,2022-07-06 10:05:20,Trader 3,115.73,167,1
1036,2022-07-06 10:05:26,Trader 4,117.48,161,0
1037,2022-07-06 10:06:53,Trader 3,114.39,35,1
1038,2022-07-06 10:07:27,Trader 3,114.7,91,0
1039,2022-07-06 10:08:23,Trader 3,114.72,143,1
1040,2022-07-06 10:10:28,Trader 2,113.25,41,1
1041,2022-07-06 10:10:30,Trader 2,112.66,49,1
1042,2022-07-06 10:12:10,Trader 1,114.67,139,0
1043,2022-07-06 10:13:58,Trader 1,114.32,129,0
1044,2022-07-06 10:15:24,Trader 4,116.84,227,1
1045,2022-07-06 10:17:29,Trader 4,116.62,225,0
1046,2022-07-06 10:17:33,Trader 3,117.14,103,1
1047,2022-07-06 10:18:08,Trader 4,115.54,211,0
1048,2022-07-06 10:23:14,Trader 3,115.7,101,1
1049,2022-07-06 10:23:23,Trader 4,117.1,209,0
1050,2022-07-06 10:24:48,Trader 1,115.59,84,1
1051,2022-07-06 10:26:07,Trader 4,118.46,204,0
1052,2022-07-06 10:26:50,Trader 4,116.74,176,0
1053,2022-07-06 10:27:53,Trader 1,115.88,102,0
1054,2022-07-06 10:28:13,Trader 4,115.71,204,0
1055,2022-07-06 10:33:09,Trader 1,115.75,87,0
1056,2022-07-06 10:36:29,Trader 3,114.01,166,0
1057,2022-07-06 10:40:15,Trader 3,114.86,125,1
1058,2022-07-06 10:41:41,Trader 3,115.62,121,0
1059,2022-07-06 10:42:19,Trader 4,115.98,236,0
1060,2022-07-06 10:45:04,Trader 2,112.28,41,1
1061,2022-07-06 10:45:25,Trader 1,115.79,124,0
1062,2022-07-06 10:47:15,Trader 4,115.82,210,0
1063,2022-07-06 10:49:49,Trader 4,116.06,186,0
1064,2022-07-06 10:53:35,Trader 3,113.96,104,1
1065,2022-07-06 10:54:16,Trader 4,113.77,171,0
1066,2022-07-06 10:55:42,Trader 3,114.52,101,1
1067,2022-07-06 10:57:25,Trader 2,112.26,61,0
1068,2022-07-06 11:00:37,Trader 1,116.49,103,0
1069,2022-07-06 11:00:50,Trader 4,115.7,275,0
1070,2022-07-06 11:06:57,Trader 4,115.83,196,0
1071,2022-07-06 11:12:37,Trader 3,114.37,184,0
1072,2022-07-06 11:23:01,Trader 4,115.82,194,1
1073,2022-07-06 11:23:56,Trader 1,115.39,97,1
1074,2022-07-06 11:25:49,Trader 1,114.43,101,0
1075,2022-07-06 11:26:01,Trader 4,116.06,228,0
1076,2022-07-06 11:28:18,Trader 3,115.69,64,1
1077,2022-07-06 11:29:19,Trader 3,114.39,135,1
1078,2022-07-06 11:32:40,Trader 1,114.34,119,0
1079,2022-07-06 11:32:57,Trader 4,115.31,211,0
1080,2022-07-06 11:34:28,Trader 2,113.26,63,0
1081,2022-07-06 11:34:51,Trader 3,115.44,100,1
1082,2022-07-06 11:36:47,Trader 4,114.82,231,0
1083,2022-07-06 11:37:42,Trader 1,116.66,121,1
1084,2022-07-06 11:40:48,Trader 1,114.59,75,0
1085,2022-07-06 11:40:57,Trader 2,113.09,48,1
1086,2022-07-06 11:45:18,Trader 2,112.05,48,1
1087,2022-07-06 11:48:26,Trader 2,114.0,48,0
1088,2022-07-06 11:48:29,Trader 4,114.63,187,0
1089,2022-07-06 11:48:58,Trader 3,115.72,9,1
1090,2022-07-06 11:50:23,Trader 2,112.89,59,0
1091,2022-07-06 11:50:44,Trader 4,116.32,241,0
1092,2022-07-06 11:53:31,Trader 4,115.29,178,0
1093,2022-07-06 12:06:26,Trader 4,113.77,195,0
1094,2022-07-06 12:06:54,Trader 2,114.48,40,0
1095,2022-07-06 12:08:30,Trader 4,113.86,160,1
1096,2022-07-06 12:11:15,Trader 4,116.91,198,0
1097,2022-07-06 12:14:55,Trader 1,115.14,112,0
1098,2022-07-06 12:16:32,Trader 4,116.58,176,0
1099,2022-07-06 12:19:27,Trader 2,111.6,36,0
1100,2022-07-06 12:22:39,Trader 2,112.63,59,1
1101,2022-07-06 12:23:38,Trader 1,116.69,90,0
1102,2022-07-06 12:29:23,Trader 2,111.19,53,0
1103,2022-07-06 12:32:11,Trader 3,115.5,103,1
1104,2022-07-06 12:32:53,Trader 1,116.14,123,0
1105,2022-07-06 12:35:28,Trader 4,116.85,231,1
1106,2022-07-06 12:38:06,Trader 3,114.57,135,1
1107,2022-07-06 12:40:28,Trader 4,115.6,184,1
1108,2022-07-06 12:44:57,Trader 2,112.3,44,0
1109,2022-07-06 12:47:46,Trader 2,113.42,61,1
1110,2022-07-06 12:48:04,Trader 4,115.98,184,1
1111,2022-07-06 12:48:25,Trader 2,110.47,47,0
1112,2022-07-06 12:50:14,Trader 2,112.36,40,0
1113,2022-07-06 12:50:23,Trader 3,113.53,104,1
1114,2022-07-06 12:51:26,Trader 1,114.2,97,0
1115,2022-07-06 12:52:48,Trader 3,115.79,165,1
1116,2022-07-06 12:53:12,Trader 4,115.94,225,0
1117,2022-07-06 12:59:30,Trader 1,115.88,93,0
1118,2022-07-06 13:03:45,Trader 2,112.99,52,1
1119,2022-07-06 13:04:48,Trader 1,115.35,68,0
1120,2022-07-06 13:07:51,Trader 1,114.29,82,0
1121,2022-07-06 13:10:17,Trader 4,116.2,195,0
1122,2022-07-06 13:10:53,Trader 4,114.27,181,1
1123,2022-07-06 13:11:17,Trader 3,115.4,113,1
1124,2022-07-06 13:12:08,Trader 2,114.25,74,1
1125,2022-07-06 13:12:40,Trader 4,116.51,229,0
1126,2022-07-06 13:15:51,Trader 1,115.74,107,1
1127,2022-07-06 13:16:56,Trader 2,112.12,55,1
1128,2022-07-06 13:20:10,Trader 3,116.46,136,1
1129,2022-07-06 13:20:17,Trader 3,115.47,105,1
1130,2022-07-06 13:20:19,Trader 4,116.63,217,0
1131,2022-07-06 13:21:11,Trader 1,115.43,91,0
1132,2022-07-06 13:31:55,Trader 3,117.07,145,0
1133,2022-07-06 13:33:16,Trader 4,116.37,199,0
1134,2022-07-06 13:36:22,Trader 1,115.94,108,0
1135,2022-07-06 13:36:58,Trader 2,110.67,67,0
1136,2022-07-06 13:38:18,Trader 1,116.7,112,0
1137,2022-07-06 13:38:48,Trader 4,115.89,192,0
1138,2022-07-06 13:39:04,Trader 3,113.92,109,1
1139,2022-07-06 13:41:23,Trader 2,111.72,55,1
1140,2022-07-06 13:42:37,Trader 4,116.16,156,0
1141,2022-07-06 13:42:39,Trader 1,114.56,94,1
1142,2022-07-06 13:43:35,Trader 1,116.56,100,0
1143,2022-07-06 13:45:50,Trader 2,111.96,55,1
1144,2022-07-06 13:46:21,Trader 1,115.78,99,1
1145,2022-07-06 13:47:10,Trader 1,116.38,84,0
1146,2022-07-06 13:48:40,Trader 1,113.41,66,0
1147,2022-07-06 13:49:50,Trader 4,117.52,225,0
1148,2022-07-06 13:50:06,Trader 2,111.8,46,1
1149,2022-07-06 13:50:57,Trader 4,115.73,197,0
1150,2022-07-06 13:52:26,Trader 4,116.15,189,0
1151,2022-07-06 13:52:59,Trader 1,116.31,123,0
1152,2022-07-06 13:53:02,Trader 2,111.93,68,1
1153,2022-07-06 13:54:45,Trader 4,118.07,180,1
1154,2022-07-06 13:58:55,Trader 1,115.66,69,0
1155,2022-07-06 13:59:46,Trader 2,112.63,60,0
1156,2022-07-06 14:01:02,Trader 3,115.89,95,1
1157,2022-07-06 14:01:40,Trader 3,116.51,87,1
1158,2022-07-06 14:03:19,Trader 4,117.4,231,0
1159,2022-07-06 14:03:49,Trader 3,115.61,135,1
1160,2022-07-06 14:06:41,Trader 3,114.43,110,1
1161,2022-07-06 14:08:35,Trader 4,116.3,183,1
1162,2022-07-06 14:08:39,Trader 3,117.19,126,1
1163,2022-07-06 14:11:22,Trader 3,114.6,131,1
1164,2022-07-06 14:12:20,Trader 3,114.52,145,1
1165,2022-07-06 14:14:39,Trader 1,114.07,91,1
1166,2022-07-06 14:19:43,Trader 2,112.85,52,1
1167,2022-07-06 14:21:11,Trader 4,117.37,144,0
1168,2022-07-06 14:25:08,Trader 3,114.28,214,1
1169,2022-07-06 14:25:09,Trader 3,115.38,92,0
1170,2022-07-06 14:26:00,Trader 2,111.59,54,1
1171,2022-07-06 14:26:44,Trader 3,114.25,173,1
1172,2022-07-06 14:27:04,Trader 3,114.96,85,1
1173,2022-07-06 14:29:44,Trader 2,110.18,43,1
1174,2022-07-06 14:30:57,Trader 4,115.15,169,0
1175,2022-07-06 14:31:27,Trader 4,115.2,214,1
1176,2022-07-06 14:32:36,Trader 3,114.52,129,1
1177,2022-07-06 14:33:53,Trader 3,113.8,109,0
1178,2022-07-06 14:37:11,Trader 1,114.62,105,0
1179,2022-07-06 14:41:45,Trader 1,115.87,103,0
1180,2022-07-06 14:41:50,Trader 1,116.14,84,1
1181,2022-07-06 14:42:51,Trader 1,114.78,138,0
1182,2022-07-06 14:47:52,Trader 2,111.38,77,0
1183,2022-07-06 14:50:11,Trader 4,116.74,210,1
1184,2022-07-06 14:52:37,Trader 3,115.4,137,0
1185,2022-07-06 15:01:57,Trader 1,112.92,110,0
1186,2022-07-06 15:02:14,Trader 3,116.21,118,1
1187,2022-07-06 15:10:36,Trader 4,116.32,226,0
1188,2022-07-06 15:12:40,Trader 3,116.28,218,1
1189,2022-07-06 15:13:19,Trader 1,114.89,91,0
1190,2022-07-06 15:16:23,Trader 2,113.07,50,0
1191,2022-07-06 15:18:08,Trader 3,114.65,85,1
1192,2022-07-06 15:18:18,Trader 4,116.71,208,0
1193,2022-07-06 15:21:09,Trader 2,112.61,31,0
1194,2022-07-06 15:21:44,Trader 2,111.52,55,0
1195,2022-07-06 15:24:10,Trader 2,112.5,37,1
1196,2022-07-06 15:26:36,Trader 2,111.98,68,0
1197,2022-07-06 15:27:26,Trader 1,115.69,103,0
1198,2022-07-06 15:27:43,Trader 1,115.57,119,0
1199,2022-07-06 15:28:36,Trader 3,115.0,174,0
1200,2022-07-07 09:15:05,Trader 3,113.79,141,1
1201,2022-07-07 09:15:57,Trader 3,116.92,42,0
1202,2022-07-07 09:20:00,Trader 2,114.07,51,0
1203,2022-07-07 09:20:14,Trader 1,115.54,72,0
1204,2022-07-07 09:20:54,Trader 4,116.62,208,0
1205,2022-07-07 09:23:33,Trader 1,114.76,112,0
1206,2022-07-07 09:25:46,Trader 4,114.84,191,0
1207,2022-07-07 09:25:52,Trader 3,114.42,97,0
1208,2022-07-07 09:27:57,Trader 4,115.64,221,1
1209,2022-07-07 09:31:52,Trader 1,115.24,119,1
1210,2022-07-07 09:33:42,Trader 4,117.12,191,0
1211,2022-07-07 09:35:34,Trader 2,111.97,62,0
1212,2022-07-07 09:35:41,Trader 4,116.45,215,0
1213,2022-07-07 09:36:09,Trader 1,116.57,65,0
1214,2022-07-07 09:36:31,Trader 2,111.59,26,1
1215,2022-07-07 09:39:04,Trader 2,112.3,36,1
1216,2022-07-07 09:43:09,Trader 4,115.51,220,0
1217,2022-07-07 09:45:00,Trader 3,115.83,110,0
1218,2022-07-07 09:47:53,Trader 2,112.17,51,1
1219,2022-07-07 09:47:57,Trader 2,113.35,52,0
1220,2022-07-07 09:50:29,Trader 4,114.87,206,0
1221,2022-07-07 09:50:35,Trader 2,111.89,64,0
1222,2022-07-07 09:50:56,Trader 2,112.34,54,1
1223,2022-07-07 09:52:19,Trader 1,115.68,101,1
1224,2022-07-07 09:53:31,Trader 3,114.51,154,0
1225,2022-07-07 09:53:56,Trader 2,113.22,43,0
1226,2022-07-07 09:54:02,Trader 4,116.72,183,0
1227,2022-07-07 09:54:19,Trader 4,114.02,233,1
1228,2022-07-07 09:54:57,Trader 3,114.93,85,0
1229,2022-07-07 09:58:54,Trader 4,116.11,229,1
1230,2022-07-07 10:00:32,Trader 2,111.64,35,0
1231,2022-07-07 10:00:43,Trader 4,115.24,238,0
1232,2022-07-07 10:02:22,Trader 4,117.45,202,0
1233,2022-07-07 10:02:27,Trader 2,111.92,59,0
1234,2022-07-07 10:02:36,Trader 1,115.25,96,1
1235,2022-07-07 10:03:36,Trader 1,114.53,75,0
1236,2022-07-07 10:04:42,Trader 2,111.84,44,1
1237,2022-07-07 10:08:58,Trader 2,112.59,51,0
1238,2022-07-07 10:19:41,Trader 3,115.06,114,1
1239,2022-07-07 10:19:51,Trader 1,115.09,73,0
1240,2022-07-07 10:20:16,Trader 2,114.22,38,0
1241,2022-07-07 10:26:45,Trader 3,114.64,211,0
1242,2022-07-07 10:29:57,Trader 4,115.51,186,0
1243,2022-07-07 10:31:03,Trader 4,115.49,224,0
1244,2022-07-07 10:31:42,Trader 2,113.09,50,1
1245,2022-07-07 10:37:01,Trader 2,114.42,58,1
1246,2022-07-07 10:40:26,Trader 2,110.87,52,1
1247,2022-07-07 10:41:19,Trader 2,111.78,55,1
1248,2022-07-07 10:41:31,Trader 2,112.45,42,0
1249,2022-07-07 10:45:03,Trader 2,112.36,50,0
1250,2022-07-07 10:47:22,Trader 2,111.09,67,1
1251,2022-07-07 10:48:39,Trader 4,115.15,209,1
1252,2022-07-07 10:51:40,Trader 2,112.64,52,1
1253,2022-07-07 10:53:46,Trader 2,113.15,41,1
1254,2022-07-07 10:54:36,Trader 2,113.5,34,1
1255,2022-07-07 10:57:21,Trader 1,115.5,87,1
1256,2022-07-07 10:58:29,Trader 1,115.2,69,0
1257,2022-07-07 10:58:31,Trader 2,111.9,62,0
1258,2022-07-07 10:59:34,Trader 4,115.04,205,0
1259,2022-07-07 11:01:14,Trader 4,115.3,177,0
1260,2022-07-07 11:02:04,Trader 4,115.19,204,0
1261,2022-07-07 11:06:22,Trader 2,112.43,66,1
1262,2022-07-07 11:06:51,Trader 1,115.01,93,0
1263,2022-07-07 11:10:10,Trader 3,115.35,172,0
1264,2022-07-07 11:12:23,Trader 2,110.6,56,0
1265,2022-07-07 11:13:36,Trader 3,114.15,96,1
1266,2022-07-07 11:14:06,Trader 1,116.85,80,1
1267,2022-07-07 11:14:33,Trader 1,114.7,122,0
1268,2022-07-07 11:19:16,Trader 2,111.62,60,0
1269,2022-07-07 11:23:17,Trader 1,117.06,79,0
1270,2022-07-07 11:25:56,Trader 3,116.07,110,1
1271,2022-07-07 11:27:17,Trader 3,115.5,128,0
1272,2022-07-07 11:27:19,Trader 4,118.08,198,0
1273,2022-07-07 11:27:22,Trader 1,115.59,93,1
1274,2022-07-07 11:28:14,Trader 1,115.78,105,1
1275,2022-07-07 11:29:58,Trader 3,115.6,121,0
1276,2022-07-07 11:30:40,Trader 2,111.38,54,1
1277,2022-07-07 11:35:38,Trader 1,113.9,104,1
1278,2022-07-07 11:37:57,Trader 2,112.88,38,0
1279,2022-07-07 11:39:51,Trader 4,115.21,210,0
1280,2022-07-07 11:42:05,Trader 1,115.38,74,1
1281,2022-07-07 11:43:22,Trader 4,115.65,181,1
1282,2022-07-07 11:44:10,Trader 3,116.88,81,0
1283,2022-07-07 11:47:41,Trader 4,115.62,190,0
1284,2022-07-07 11:48:28,Trader 3,115.01,146,1
1285,2022-07-07 11:50:41,Trader 1,114.6,103,1
1286,2022-07-07 11:52:01,Trader 3,114.99,119,0
1287,2022-07-07 11:56:59,Trader 3,115.58,209,0
1288,2022-07-07 11:57:39,Trader 3,115.01,172,1
1289,2022-07-07 12:09:07,Trader 1,114.84,112,1
1290,2022-07-07 12:09:18,Trader 1,115.01,105,1
1291,2022-07-07 12:09:45,Trader 1,115.31,126,0
1292,2022-07-07 12:10:12,Trader 4,116.45,195,1
1293,2022-07-07 12:10:33,Trader 3,115.22,147,1
1294,2022-07-07 12:10:41,Trader 3,116.87,144,0
1295,2022-07-07 12:12:27,Trader 1,114.5,97,0
1296,2022-07-07 12:15:17,Trader 4,115.71,197,0
1297,2022-07-07 12:16:10,Trader 3,115.29,168,1
1298,2022-07-07 12:18:12,Trader 4,114.55,206,0
1299,2022-07-07 12:19:45,Trader 3,113.43,80,0
1300,2022-07-07 12:20:50,Trader 2,112.82,40,0
1301,2022-07-07 12:23:25,Trader 4,116.08,191,1
1302,2022-07-07 12:23:34,Trader 1,116.61,70,1
1303,2022-07-07 12:27:02,Trader 4,115.17,166,1
1304,2022-07-07 12:36:17,Trader 4,116.33,169,0
1305,2022-07-07 12:36:43,Trader 4,117.96,233,0
1306,2022-07-07 12:36:49,Trader 2,112.15,64,0
1307,2022-07-07 12:37:01,Trader 4,115.44,189,1
1308,2022-07-07 12:40:16,Trader 4,115.92,240,0
1309,2022-07-07 12:40:46,Trader 3,115.61,109,1
1310,2022-07-07 12:40:58,Trader 2,112.6,41,1
1311,2022-07-07 12:41:06,Trader 3,115.08,116,1
1312,2022-07-07 12:49:21,Trader 3,115.56,87,1
1313,2022-07-07 12:49:58,Trader 1,116.75,89,0
1314,2022-07-07 12:50:29,Trader 3,115.23,80,1
1315,2022-07-07 12:51:33,Trader 3,113.35,27,1
1316,2022-07-07 12:53:24,Trader 4,115.29,166,1
1317,2022-07-07 12:54:28,Trader 1,116.66,118,1
1318,2022-07-07 12:55:19,Trader 4,114.92,204,1
1319,2022-07-07 12:55:42,Trader 4,115.29,174,0
1320,2022-07-07 13:07:13,Trader 2,112.0,49,1
1321,2022-07-07 13:07:37,Trader 1,115.39,100,1
1322,2022-07-07 13:09:54,Trader 2,111.28,27,0
1323,2022-07-07 13:11:07,Trader 2,112.09,53,0
1324,2022-07-07 13:11:54,Trader 4,116.96,223,0
1325,2022-07-07 13:14:44,Trader 1,117.22,75,1
1326,2022-07-07 13:20:31,Trader 3,115.82,31,1
1327,2022-07-07 13:21:57,Trader 1,115.98,77,0
1328,2022-07-07 13:22:01,Trader 3,114.17,94,1
1329,2022-07-07 13:23:22,Trader 1,115.76,88,0
1330,2022-07-07 13:23:48,Trader 2,112.74,41,0
1331,2022-07-07 13:25:39,Trader 3,115.14,170,0
1332,2022-07-07 13:26:15,Trader 1,117.09,118,0
1333,2022-07-07 13:27:47,Trader 3,113.45,124,0
1334,2022-07-07 13:28:12,Trader 2,111.98,61,0
1335,2022-07-07 13:28:29,Trader 2,111.22,55,1
1336,2022-07-07 13:32:52,Trader 1,115.0,78,1
1337,2022-07-07 13:33:20,Trader 2,113.14,47,0
1338,2022-07-07 13:33:48,Trader 1,116.18,131,0
1339,2022-07-07 13:34:40,Trader 3,116.45,137,0
1340,2022-07-07 13:36:59,Trader 1,114.82,114,0
1341,2022-07-07 13:37:49,Trader 3,114.77,99,0
1342,2022-07-07 13:38:13,Trader 4,116.51,151,0
1343,2022-07-07 13:41:35,Trader 1,114.53,65,1
1344,2022-07-07 13:49:17,Trader 1,115.2,105,0
1345,2022-07-07 13:52:12,Trader 4,115.92,150,0
1346,2022-07-07 13:53:17,Trader 3,116.46,67,1
1347,2022-07-07 13:55:47,Trader 1,117.63,86,0
1348,2022-07-07 13:56:55,Trader 3,114.58,167,0
1349,2022-07-07 14:02:42,Trader 4,114.89,180,0
1350,2022-07-07 14:02:45,Trader 3,116.01,123,1
1351,2022-07-07 14:03:41,Trader 1,115.09,83,0
1352,2022-07-07 14:03:56,Trader 3,116.27,141,1
1353,2022-07-07 14:04:21,Trader 2,112.74,58,0
1354,2022-07-07 14:09:32,Trader 1,116.72,70,0
1355,2022-07-07 14:10:38,Trader 2,112.52,50,1
1356,2022-07-07 14:14:08,Trader 2,111.3,62,0
1357,2022-07-07 14:15:13,Trader 2,114.25,31,0
1358,2022-07-07 14:15:34,Trader 2,111.79,57,0
1359,2022-07-07 14:16:30,Trader 3,116.46,143,1
1360,2022-07-07 14:18:02,Trader 1,115.43,81,0
1361,2022-07-07 14:19:30,Trader 2,112.69,58,0
1362,2022-07-07 14:21:02,Trader 3,114.87,167,1
1363,2022-07-07 14:24:40,Trader 1,115.36,110,0
1364,2022-07-07 14:25:20,Trader 4,113.35,203,0
1365,2022-07-07 14:26:22,Trader 4,115.87,221,0
1366,2022-07-07 14:27:43,Trader 4,116.51,207,0
1367,2022-07-07 14:28:45,Trader 4,115.73,172,0
1368,2022-07-07 14:31:13,Trader 1,116.64,105,0
1369,2022-07-07 14:31:56,Trader 4,117.32,201,1
1370,2022-07-07 14:33:26,Trader 1,114.27,128,0
1371,2022-07-07 14:34:08,Trader 2,109.46,58,0
1372,2022-07-07 14:34:53,Trader 3,114.27,104,0
1373,2022-07-07 14:37:15,Trader 3,115.45,126,0
1374,2022-07-07 14:39:23,Trader 4,114.99,252,0
1375,2022-07-07 14:41:01,Trader 3,115.39,78,1
1376,2022-07-07 14:44:52,Trader 2,112.02,47,1
1377,2022-07-07 14:45:03,Trader 4,115.45,191,1
1378,2022-07-07 14:45:17,Trader 4,114.9,200,0
1379,2022-07-07 14:45:27,Trader 2,111.59,33,1
1380,2022-07-07 14:52:36,Trader 2,113.64,58,1
1381,2022-07-07 14:56:14,Trader 1,117.88,102,0
1382,2022-07-07 14:58:16,Trader 3,115.18,113,1
1383,2022-07-07 14:58:21,Trader 1,114.94,83,0
1384,2022-07-07 14:59:06,Trader 1,115.0,128,0
1385,2022-07-07 14:59:43,Trader 1,114.64,39,0
1386,2022-07-07 15:00:34,Trader 3,115.81,195,0
1387,2022-07-07 15:00:53,Trader 3,114.67,133,1
1388,2022-07-07 15:01:34,Trader 4,117.63,191,0
1389,2022-07-07 15:03:40,Trader 3,114.67,160,1
1390,2022-07-07 15:04:50,Trader 3,115.67,84,1
1391,2022-07-07 15:07:47,Trader 3,114.03,153,1
1392,2022-07-07 15:07:50,Trader 1,114.86,93,0
1393,2022-07-07 15:10:59,Trader 2,112.69,27,0
1394,2022-07-07 15:15:31,Trader 3,116.08,37,1
1395,2022-07-07 15:17:37,Trader 1,114.83,124,0
1396,2022-07-07 15:19:45,Trader 4,115.63,238,1
1397,2022-07-07 15:19:49,Trader 1,116.08,123,0
1398,2022-07-07 15:23:34,Trader 2,112.95,60,0
1399,2022-07-07 15:28:15,Trader 1,114.28,59,1
1400,2022-07-08 09:18:38,Trader 3,116.37,151,0
1401,2022-07-08 09:20:50,Trader 2,111.96,64,1
1402,2022-07-08 09:21:01,Trader 3,116.14,122,0
1403,2022-07-08 09:22:28,Trader 2,112.87,57,1
1404,2022-07-08 09:22:38,Trader 2,111.99,46,1
1405,2022-07-08 09:24:10,Trader 4,116.85,189,0
1406,2022-07-08 09:24:50,Trader 2,111.72,32,0
1407,2022-07-08 09:25:47,Trader 3,115.74,125,1
1408,2022-07-08 09:26:50,Trader 2,111.63,45,1
1409,2022-07-08 09:29:01,Trader 4,116.03,177,0
1410,2022-07-08 09:33:29,Trader 2,112.05,56,0
1411,2022-07-08 09:34:19,Trader 1,114.52,80,0
1412,2022-07-08 09:35:13,Trader 2,112.01,44,0
1413,2022-07-08 09:36:14,Trader 1,116.29,105,0
1414,2022-07-08 09:41:55,Trader 3,114.4,129,0
1415,2022-07-08 09:42:47,Trader 3,115.03,152,1
1416,2022-07-08 09:43:03,Trader 3,115.41,103,1
1417,2022-07-08 09:43:36,Trader 3,114.34,141,0
1418,2022-07-08 09:44:46,Trader 1,114.85,112,1
1419,2022-07-08 09:49:08,Trader 3,115.82,67,0
1420,2022-07-08 09:50:36,Trader 2,112.33,56,0
1421,2022-07-08 09:50:45,Trader 2,111.06,59,0
1422,2022-07-08 10:00:07,Trader 4,114.04,229,1
1423,2022-07-08 10:01:51,Trader 2,111.11,55,0
1424,2022-07-08 10:04:08,Trader 3,115.6,98,1
1425,2022-07-08 10:06:29,Trader 2,110.56,61,0
1426,2022-07-08 10:15:30,Trader 1,115.54,133,0
1427,2022-07-08 10:15:59,Trader 2,111.39,52,0
1428,2022-07-08 10:16:18,Trader 3,114.21,159,0
1429,2022-07-08 10:19:52,Trader 1,114.82,125,0
1430,2022-07-08 10:20:21,Trader 1,114.54,72,0
1431,2022-07-08 10:21:22,Trader 3,116.79,99,1
1432,2022-07-08 10:24:37,Trader 3,113.91,39,0
1433,2022-07-08 10:25:01,Trader 1,115.5,100,1
1434,2022-07-08 10:28:20,Trader 4,116.24,226,0
1435,2022-07-08 10:28:49,Trader 1,115.07,113,1
1436,2022-07-08 10:29:40,Trader 1,115.87,80,1
1437,2022-07-08 10:34:03,Trader 4,116.72,190,0
1438,2022-07-08 10:34:16,Trader 1,115.55,87,0
1439,2022-07-08 10:35:14,Trader 4,115.4,209,0
1440,2022-07-08 10:40:26,Trader 4,115.59,186,0
1441,2022-07-08 10:40:39,Trader 2,111.45,48,1
1442,2022-07-08 10:41:12,Trader 3,113.62,135,0
1443,2022-07-08 10:41:14,Trader 2,113.14,52,1
1444,2022-07-08 10:41:22,Trader 2,112.95,30,1
1445,2022-07-08 10:42:09,Trader 1,115.34,65,0
1446,2022-07-08 10:43:40,Trader 3,114.46,65,1
1447,2022-07-08 10:44:13,Trader 3,115.48,92,1
1448,2022-07-08 10:45:00,Trader 4,114.3,224,0
1449,2022-07-08 10:50:07,Trader 1,114.25,102,0
1450,2022-07-08 10:50:43,Trader 1,115.48,71,1
1451,2022-07-08 10:50:50,Trader 3,114.78,144,1
1452,2022-07-08 10:51:44,Trader 2,113.17,53,0
1453,2022-07-08 10:52:34,Trader 4,115.7,253,0
1454,2022-07-08 10:54:46,Trader 4,117.65,179,1
1455,2022-07-08 10:55:31,Trader 1,115.49,118,0
1456,2022-07-08 10:56:07,Trader 1,115.87,130,0
1457,2022-07-08 10:58:03,Trader 2,110.44,57,0
1458,2022-07-08 11:01:51,Trader 2,113.02,46,1
1459,2022-07-08 11:02:06,Trader 3,115.67,149,1
1460,2022-07-08 11:03:47,Trader 3,114.8,131,1
1461,2022-07-08 11:08:03,Trader 2,110.47,57,0
1462,2022-07-08 11:08:51,Trader 1,115.16,88,0
1463,2022-07-08 11:10:36,Trader 3,115.48,130,1
1464,2022-07-08 11:10:38,Trader 4,115.7,273,0
1465,2022-07-08 11:16:18,Trader 4,116.64,198,0
1466,2022-07-08 11:20:48,Trader 1,115.11,112,0
1467,2022-07-08 11:24:25,Trader 3,116.91,147,0
1468,2022-07-08 11:27:09,Trader 2,110.58,42,0
1469,2022-07-08 11:33:09,Trader 4,115.88,204,0
1470,2022-07-08 11:33:42,Trader 1,116.62,108,0
1471,2022-07-08 11:34:11,Trader 2,112.13,51,1
1472,2022-07-08 11:36:11,Trader 2,111.01,58,0
1473,2022-07-08 11:38:13,Trader 2,110.9,58,1
1474,2022-07-08 11:40:29,Trader 3,114.32,210,1
1475,2022-07-08 11:40:51,Trader 1,115.34,111,0
1476,2022-07-08 11:41:11,Trader 2,113.35,65,0
1477,2022-07-08 11:42:49,Trader 1,114.21,91,0
1478,2022-07-08 11:46:03,Trader 4,114.18,219,0
1479,2022-07-08 11:50:41,Trader 2,112.5,52,0
1480,2022-07-08 11:51:09,Trader 4,116.88,239,0
1481,2022-07-08 11:52:30,Trader 1,115.7,87,1
1482,2022-07-08 11:53:56,Trader 2,115.41,37,1
1483,2022-07-08 11:55:15,Trader 3,115.59,160,1
1484,2022-07-08 11:55:57,Trader 1,115.37,116,0
1485,2022-07-08 11:56:32,Trader 2,110.19,64,1
1486,2022-07-08 11:57:32,Trader 4,115.59,137,0
1487,2022-07-08 11:59:28,Trader 2,113.98,47,1
1488,2022-07-08 12:00:16,Trader 3,115.27,172,0
1489,2022-07-08 12:02:28,Trader 3,114.78,164,1
1490,2022-07-08 12:03:46,Trader 2,111.3,59,1
1491,2022-07-08 12:05:35,Trader 1,116.39,85,1
1492,2022-07-08 12:06:59,Trader 2,112.82,41,1
1493,2022-07-08 12:07:43,Trader 3,116.93,171,1
1494,2022-07-08 12:09:44,Trader 3,113.42,165,1
1495,2022-07-08 12:10:29,Trader 3,113.98,189,0
1496,2022-07-08 12:18:02,Trader 3,115.96,68,0
1497,2022-07-08 12:18:50,Trader 4,116.15,173,0
1498,2022-07-08 12:22:23,Trader 4,117.25,163,1
1499,2022-07-08 12:26:54,Trader 1,116.29,99,0
1500,2022-07-08 12:27:54,Trader 1,115.83,83,1
1501,2022-07-08 12:30:46,Trader 2,111.98,73,1
1502,2022-07-08 12:37:53,Trader 3,116.48,118,1
1503,2022-07-08 12:38:53,Trader 4,116.44,234,0
1504,2022-07-08 12:42:21,Trader 1,116.22,110,0
1505,2022-07-08 12:42:54,Trader 4,116.69,185,0
1506,2022-07-08 12:43:34,Trader 1,113.43,83,1
1507,2022-07-08 12:44:55,Trader 1,117.29,93,0
1508,2022-07-08 12:45:35,Trader 2,111.75,45,0
1509,2022-07-08 12:46:02,Trader 2,113.66,60,0
1510,2022-07-08 12:46:30,Trader 4,114.95,196,0
1511,2022-07-08 12:48:20,Trader 1,116.03,113,0
1512,2022-07-08 12:50:40,Trader 4,114.95,218,0
1513,2022-07-08 12:50:58,Trader 1,115.23,95,0
1514,2022-07-08 12:53:53,Trader 1,114.36,84,0
1515,2022-07-08 12:56:53,Trader 2,111.66,64,0
1516,2022-07-08 13:00:33,Trader 2,111.62,76,1
1517,2022-07-08 13:01:41,Trader 1,115.04,102,0
1518,2022-07-08 13:08:35,Trader 3,115.09,117,1
1519,2022-07-08 13:08:43,Trader 4,114.36,174,0
1520,2022-07-08 13:11:19,Trader 1,115.32,85,1
1521,2022-07-08 13:13:56,Trader 1,115.07,101,0
1522,2022-07-08 13:15:25,Trader 3,114.86,84,1
1523,2022-07-08 13:21:05,Trader 3,115.39,149,1
1524,2022-07-08 13:22:46,Trader 2,112.95,51,0
1525,2022-07-08 13:23:43,Trader 2,111.57,43,1
1526,2022-07-08 13:24:28,Trader 3,113.05,110,0
1527,2022-07-08 13:27:04,Trader 2,112.88,50,1
1528,2022-07-08 13:27:16,Trader 2,112.32,61,1
1529,2022-07-08 13:32:14,Trader 3,115.25,184,1
1530,2022-07-08 13:34:46,Trader 2,112.52,35,1
1531,2022-07-08 13:34:51,Trader 1,114.28,96,1
1532,2022-07-08 13:35:23,Trader 2,111.47,42,1
1533,2022-07-08 13:37:38,Trader 4,115.65,198,0
1534,2022-07-08 13:40:17,Trader 4,114.94,180,0
1535,2022-07-08 13:40:42,Trader 3,115.33,116,0
1536,2022-07-08 13:41:15,Trader 1,116.12,102,1
1537,2022-07-08 13:47:42,Trader 1,115.64,101,0
1538,2022-07-08 13:47:50,Trader 2,112.02,45,1
1539,2022-07-08 13:48:35,Trader 4,115.48,164,0
1540,2022-07-08 13:49:43,Trader 2,112.22,58,1
1541,2022-07-08 13:53:07,Trader 4,115.03,206,0
1542,2022-07-08 13:58:40,Trader 2,111.84,20,0
1543,2022-07-08 13:58:53,Trader 3,116.28,20,1
1544,2022-07-08 14:01:56,Trader 2,111.51,45,1
1545,2022-07-08 14:03:16,Trader 3,114.64,156,0
1546,2022-07-08 14:03:31,Trader 2,111.96,43,1
1547,2022-07-08 14:03:47,Trader 3,114.68,141,0
1548,2022-07-08 14:04:13,Trader 2,110.66,61,0
1549,2022-07-08 14:06:34,Trader 3,115.37,27,0
1550,2022-07-08 14:07:24,Trader 2,112.98,69,0
1551,2022-07-08 14:09:09,Trader 3,115.02,75,1
1552,2022-07-08 14:09:40,Trader 1,116.66,66,0
1553,2022-07-08 14:11:21,Trader 2,111.11,50,0
1554,2022-07-08 14:12:28,Trader 1,115.83,105,1
1555,2022-07-08 14:13:14,Trader 3,114.96,130,1
1556,2022-07-08 14:13:34,Trader 1,114.64,97,0
1557,2022-07-08 14:13:43,Trader 2,112.55,52,1
1558,2022-07-08 14:14:50,Trader 2,111.81,50,1
1559,2022-07-08 14:15:27,Trader 3,116.5,108,1
1560,2022-07-08 14:17:29,Trader 2,112.81,55,1
1561,2022-07-08 14:18:38,Trader 2,113.04,25,0
1562,2022-07-08 14:19:21,Trader 2,111.89,43,1
1563,2022-07-08 14:23:13,Trader 2,113.38,55,0
1564,2022-07-08 14:25:23,Trader 3,116.43,168,1
1565,2022-07-08 14:30:30,Trader 4,118.12,139,0
1566,2022-07-08 14:33:57,Trader 1,116.41,82,0
1567,2022-07-08 14:34:40,Trader 2,112.63,54,1
1568,2022-07-08 14:34:43,Trader 2,112.9,56,1
1569,2022-07-08 14:37:34,Trader 2,112.25,70,0
1570,2022-07-08 14:37:47,Trader 4,116.84,158,0
1571,2022-07-08 14:43:58,Trader 1,115.68,90,0
1572,2022-07-08 14:51:13,Trader 4,115.0,193,0
1573,2022-07-08 14:52:15,Trader 1,118.33,91,1
1574,2022-07-08 14:54:11,Trader 3,115.84,95,1
1575,2022-07-08 14:54:29,Trader 4,115.82,221,0
1576,2022-07-08 14:55:47,Trader 1,117.32,108,0
1577,2022-07-08 14:56:06,Trader 2,112.87,57,0
1578,2022-07-08 14:56:09,Trader 2,112.05,34,1
1579,2022-07-08 14:57:30,Trader 4,115.31,199,0
1580,2022-07-08 14:59:44,Trader 4,116.78,231,1
1581,2022-07-08 15:01:08,Trader 4,115.37,201,0
1582,2022-07-08 15:04:47,Trader 2,112.51,46,1
1583,2022-07-08 15:05:39,Trader 3,113.11,123,1
1584,2022-07-08 15:06:21,Trader 2,112.81,37,0
1585,2022-07-08 15:10:48,Trader 2,113.88,48,1
1586,2022-07-08 15:11:14,Trader 4,115.67,258,0
1587,2022-07-08 15:13:02,Trader 4,117.05,165,0
1588,2022-07-08 15:14:01,Trader 2,112.11,46,0
1589,2022-07-08 15:16:43,Trader 2,112.3,63,0
1590,2022-07-08 15:17:13,Trader 2,112.56,37,1
1591,2022-07-08 15:19:27,Trader 3,114.84,103,1
1592,2022-07-08 15:21:04,Trader 2,113.65,56,0
1593,2022-07-08 15:22:38,Trader 3,116.51,135,1
1594,2022-07-08 15:22:49,Trader 4,117.17,209,0
1595,2022-07-08 15:24:56,Trader 1,114.38,114,0
1596,2022-07-08 15:25:32,Trader 3,115.34,98,1
1597,2022-07-08 15:25:50,Trader 2,113.48,54,0
1598,2022-07-08 15:26:30,Trader 1,116.34,83,0
1599,2022-07-08 15:29:38,Trader 1,115.89,75,0
1600,2022-07-09 09:19:51,Trader 3,114.28,127,0
1601,2022-07-09 09:20:19,Trader 2,112.83,59,1
1602,2022-07-09 09:23:01,Trader 4,115.53,217,0
1603,2022-07-09 09:24:48,Trader 4,115.57,211,0
1604,2022-07-09 09:25:12,Trader 1,115.98,110,1
1605,2022-07-09 09:25:20,Trader 1,113.93,102,0
1606,2022-07-09 09:35:29,Trader 1,114.2,71,0
1607,2022-07-09 09:36:59,Trader 3,114.66,120,0
1608,2022-07-09 09:37:10,Trader 4,115.75,183,0
1609,2022-07-09 09:38:09,Trader 1,115.01,100,0
1610,2022-07-09 09:39:10,Trader 1,116.94,94,1
1611,2022-07-09 09:43:08,Trader 4,116.64,250,0
1612,2022-07-09 09:43:26,Trader 3,114.58,206,1
1613,2022-07-09 09:47:17,Trader 3,115.04,115,0
1614,2022-07-09 09:47:32,Trader 1,115.16,90,0
1615,2022-07-09 09:47:33,Trader 3,116.4,105,1
1616,2022-07-09 09:48:52,Trader 1,117.62,112,1
1617,2022-07-09 09:58:13,Trader 3,116.99,175,1
1618,2022-07-09 09:58:19,Trader 2,112.15,46,1
1619,2022-07-09 10:02:32,Trader 1,114.47,84,0
1620,2022-07-09 10:04:37,Trader 2,111.61,64,1
1621,2022-07-09 10:05:20,Trader 1,115.27,120,1
1622,2022-07-09 10:11:46,Trader 4,117.01,220,0
1623,2022-07-09 10:13:37,Trader 3,113.77,126,1
1624,2022-07-09 10:14:08,Trader 1,115.77,69,0
1625,2022-07-09 10:15:19,Trader 2,113.36,54,1
1626,2022-07-09 10:18:25,Trader 3,114.98,123,0
1627,2022-07-09 10:19:26,Trader 4,115.61,212,1
1628,2022-07-09 10:21:51,Trader 1,116.18,59,1
1629,2022-07-09 10:26:35,Trader 1,114.28,138,0
1630,2022-07-09 10:27:52,Trader 2,111.06,49,0
1631,2022-07-09 10:29:58,Trader 2,113.76,49,1
1632,2022-07-09 10:30:00,Trader 4,116.81,189,0
1633,2022-07-09 10:31:22,Trader 3,114.58,98,0
1634,2022-07-09 10:31:59,Trader 2,111.47,56,0
1635,2022-07-09 10:32:29,Trader 3,115.73,166,1
1636,2022-07-09 10:36:40,Trader 2,110.41,32,1
1637,2022-07-09 10:37:55,Trader 3,113.97,205,0
1638,2022-07-09 10:38:35,Trader 3,113.89,211,1
1639,2022-07-09 10:39:49,Trader 2,111.03,46,1
1640,2022-07-09 10:40:08,Trader 2,111.13,42,1
1641,2022-07-09 10:40:54,Trader 1,115.69,98,0
1642,2022-07-09 10:43:20,Trader 3,114.74,19,1
1643,2022-07-09 10:46:13,Trader 2,110.77,53,1
1644,2022-07-09 10:49:50,Trader 3,114.97,103,0
1645,2022-07-09 10:52:07,Trader 3,113.92,93,0
1646,2022-07-09 10:53:01,Trader 1,114.53,95,1
1647,2022-07-09 10:53:27,Trader 4,115.88,208,0
1648,2022-07-09 10:53:49,Trader 4,115.27,177,0
1649,2022-07-09 10:56:24,Trader 3,115.1,112,1
1650,2022-07-09 10:56:24,Trader 1,116.79,55,1
1651,2022-07-09 10:56:46,Trader 4,117.57,153,0
1652,2022-07-09 10:57:12,Trader 3,115.2,105,1
1653,2022-07-09 10:58:15,Trader 4,115.5,184,1
1654,2022-07-09 11:00:56,Trader 1,114.7,70,0
1655,2022-07-09 11:05:05,Trader 4,118.05,203,1
1656,2022-07-09 11:09:15,Trader 2,112.8,41,1
1657,2022-07-09 11:15:26,Trader 2,111.97,38,1
1658,2022-07-09 11:15:39,Trader 4,115.01,207,0
1659,2022-07-09 11:16:05,Trader 4,117.94,248,0
1660,2022-07-09 11:17:55,Trader 3,116.3,39,1
1661,2022-07-09 11:19:01,Trader 1,114.23,84,0
1662,2022-07-09 11:19:38,Trader 4,115.7,234,0
1663,2022-07-09 11:20:26,Trader 3,116.84,76,1
1664,2022-07-09 11:20:51,Trader 4,115.28,207,0
1665,2022-07-09 11:21:29,Trader 3,113.96,129,1
1666,2022-07-09 11:26:59,Trader 1,114.94,105,1
1667,2022-07-09 11:27:47,Trader 2,109.88,52,1
1668,2022-07-09 11:31:14,Trader 1,114.52,106,0
1669,2022-07-09 11:35:44,Trader 3,116.16,100,1
1670,2022-07-09 11:38:06,Trader 4,114.77,197,0
1671,2022-07-09 11:38:21,Trader 2,112.29,42,0
1672,2022-07-09 11:46:19,Trader 4,115.87,207,0
1673,2022-07-09 11:47:00,Trader 1,116.42,83,0
1674,2022-07-09 11:47:06,Trader 3,114.93,124,1
1675,2022-07-09 11:47:58,Trader 2,113.17,55,0
1676,2022-07-09 11:48:15,Trader 4,115.37,220,0
1677,2022-07-09 11:50:13,Trader 4,115.92,237,0
1678,2022-07-09 11:51:11,Trader 3,114.43,129,1
1679,2022-07-09 11:54:44,Trader 4,117.15,200,1
1680,2022-07-09 11:54:44,Trader 1,115.56,91,0
1681,2022-07-09 11:56:05,Trader 2,110.35,76,0
1682,2022-07-09 11:56:10,Trader 4,116.78,151,0
1683,2022-07-09 11:56:19,Trader 3,113.31,64,1
1684,2022-07-09 11:56:31,Trader 4,114.69,175,1
1685,2022-07-09 11:59:30,Trader 4,116.34,177,0
1686,2022-07-09 12:00:14,Trader 4,114.76,253,0
1687,2022-07-09 12:01:03,Trader 3,114.79,134,1
1688,2022-07-09 12:01:41,Trader 1,115.26,105,0
1689,2022-07-09 12:01:53,Trader 4,116.38,210,0
1690,2022-07-09 12:02:38,Trader 4,116.72,219,1
1691,2022-07-09 12:04:04,Trader 1,115.49,138,1
1692,2022-07-09 12:04:47,Trader 4,116.9,204,0
1693,2022-07-09 12:04:51,Trader 4,116.86,263,0
1694,2022-07-09 12:07:42,Trader 3,116.53,150,0
1695,2022-07-09 12:10:47,Trader 2,110.64,57,0
1696,2022-07-09 12:12:16,Trader 2,109.58,53,1
1697,2022-07-09 12:13:14,Trader 2,111.19,47,0
1698,2022-07-09 12:14:03,Trader 2,112.17,51,0
1699,2022-07-09 12:17:42,Trader 2,112.47,43,0
1700,2022-07-09 12:19:58,Trader 4,115.72,182,1
1701,2022-07-09 12:22:28,Trader 4,115.9,213,0
1702,2022-07-09 12:29:08,Trader 4,115.53,162,0
1703,2022-07-09 12:34:39,Trader 2,111.58,61,1
1704,2022-07-09 12:42:19,Trader 3,114.77,156,1
1705,2022-07-09 12:45:23,Trader 2,109.71,33,0
1706,2022-07-09 12:46:09,Trader 1,115.72,55,1
1707,2022-07-09 12:49:49,Trader 3,115.14,98,1
1708,2022-07-09 12:51:38,Trader 2,111.99,42,1
1709,2022-07-09 12:54:20,Trader 1,116.08,71,1
1710,2022-07-09 13:01:24,Trader 2,112.63,50,1
1711,2022-07-09 13:03:41,Trader 2,111.56,36,1
1712,2022-07-09 13:03:50,Trader 2,109.79,53,0
1713,2022-07-09 13:03:52,Trader 4,117.2,157,0
1714,2022-07-09 13:06:06,Trader 2,112.38,56,1
1715,2022-07-09 13:07:12,Trader 4,115.31,201,1
1716,2022-07-09 13:07:32,Trader 2,114.07,37,1
1717,2022-07-09 13:08:05,Trader 3,114.8,165,0
1718,2022-07-09 13:09:08,Trader 1,116.01,115,0
1719,2022-07-09 13:09:25,Trader 1,115.99,93,0
1720,2022-07-09 13:09:38,Trader 2,112.2,52,0
1721,2022-07-09 13:11:30,Trader 1,114.21,72,1
1722,2022-07-09 13:12:11,Trader 3,113.77,106,1
1723,2022-07-09 13:12:46,Trader 1,115.72,100,1
1724,2022-07-09 13:14:10,Trader 2,111.12,66,1
1725,2022-07-09 13:16:45,Trader 4,116.09,170,0
1726,2022-07-09 13:19:36,Trader 2,110.21,43,1
1727,2022-07-09 13:22:00,Trader 2,112.32,55,0
1728,2022-07-09 13:22:03,Trader 2,112.65,63,1
1729,2022-07-09 13:22:44,Trader 4,118.81,222,0
1730,2022-07-09 13:26:57,Trader 1,114.47,110,1
1731,2022-07-09 13:27:47,Trader 2,112.5,39,1
1732,2022-07-09 13:28:38,Trader 3,114.31,153,1
1733,2022-07-09 13:30:08,Trader 3,114.44,158,1
1734,2022-07-09 13:30:39,Trader 1,114.27,116,1
1735,2022-07-09 13:31:32,Trader 1,115.57,111,0
1736,2022-07-09 13:31:53,Trader 3,114.67,23,1
1737,2022-07-09 13:34:56,Trader 4,116.85,187,0
1738,2022-07-09 13:35:37,Trader 2,111.47,32,1
1739,2022-07-09 13:42:01,Trader 4,116.14,226,0
1740,2022-07-09 13:42:48,Trader 3,116.93,135,1
1741,2022-07-09 13:44:22,Trader 4,117.41,261,0
1742,2022-07-09 13:45:38,Trader 4,116.83,187,0
1743,2022-07-09 13:47:14,Trader 2,112.68,38,1
1744,2022-07-09 13:48:03,Trader 3,113.76,149,1
1745,2022-07-09 13:48:30,Trader 1,114.62,97,0
1746,2022-07-09 13:49:00,Trader 4,115.36,209,0
1747,2022-07-09 13:49:05,Trader 1,115.44,143,0
1748,2022-07-09 13:56:32,Trader 3,115.04,123,0
1749,2022-07-09 14:00:06,Trader 1,117.24,68,1
1750,2022-07-09 14:00:31,Trader 1,114.46,93,0
1751,2022-07-09 14:04:24,Trader 3,115.25,141,0
1752,2022-07-09 14:05:04,Trader 2,113.46,50,0
1753,2022-07-09 14:09:17,Trader 1,115.52,144,0
1754,2022-07-09 14:09:42,Trader 1,114.9,76,0
1755,2022-07-09 14:09:50,Trader 4,114.73,161,1
1756,2022-07-09 14:09:56,Trader 2,112.88,41,1
1757,2022-07-09 14:09:58,Trader 1,114.52,114,0
1758,2022-07-09 14:11:44,Trader 2,112.72,54,1
1759,2022-07-09 14:13:29,Trader 1,115.15,106,0
1760,2022-07-09 14:13:44,Trader 2,113.18,41,1
1761,2022-07-09 14:18:01,Trader 4,113.12,184,0
1762,2022-07-09 14:21:45,Trader 1,115.95,78,0
1763,2022-07-09 14:23:05,Trader 1,115.31,110,0
1764,2022-07-09 14:24:04,Trader 1,116.2,72,0
1765,2022-07-09 14:24:13,Trader 1,115.06,102,0
1766,2022-07-09 14:24:34,Trader 3,115.1,163,0
1767,2022-07-09 14:31:26,Trader 4,117.09,194,0
1768,2022-07-09 14:33:08,Trader 4,115.86,221,1
1769,2022-07-09 14:33:41,Trader 2,113.8,53,0
1770,2022-07-09 14:33:48,Trader 3,114.39,151,0
1771,2022-07-09 14:36:04,Trader 4,116.1,218,0
1772,2022-07-09 14:36:56,Trader 4,116.11,162,0
1773,2022-07-09 14:36:57,Trader 3,115.38,143,1
1774,2022-07-09 14:38:32,Trader 1,113.94,111,1
1775,2022-07-09 14:39:27,Trader 4,116.12,172,0
1776,2022-07-09 14:43:21,Trader 4,114.43,219,0
1777,2022-07-09 14:43:36,Trader 4,117.65,176,1
1778,2022-07-09 14:45:17,Trader 2,112.4,46,0
1779,2022-07-09 14:48:17,Trader 4,116.45,203,0
1780,2022-07-09 14:49:49,Trader 1,114.74,81,0
1781,2022-07-09 14:52:38,Trader 3,115.1,124,1
1782,2022-07-09 14:52:57,Trader 2,111.81,52,1
1783,2022-07-09 14:56:56,Trader 1,115.46,79,0
1784,2022-07-09 14:56:58,Trader 1,115.08,73,1
1785,2022-07-09 14:57:05,Trader 3,116.51,138,1
1786,2022-07-09 15:00:12,Trader 4,116.66,202,0
1787,2022-07-09 15:02:41,Trader 2,113.51,54,1
1788,2022-07-09 15:02:52,Trader 2,112.05,50,0
1789,2022-07-09 15:03:31,Trader 2,111.39,53,0
1790,2022-07-09 15:10:02,Trader 2,113.2,53,0
1791,2022-07-09 15:12:11,Trader 1,113.88,108,1
1792,2022-07-09 15:13:39,Trader 3,115.53,114,1
1793,2022-07-09 15:14:39,Trader 4,115.3,193,0
1794,2022-07-09 15:18:02,Trader 2,111.86,56,0
1795,2022-07-09 15:20:15,Trader 2,112.91,41,1
1796,2022-07-09 15:21:22,Trader 3,114.38,163,1
1797,2022-07-09 15:22:27,Trader 1,115.8,56,0
1798,2022-07-09 15:23:17,Trader 2,112.15,53,0
1799,2022-07-09 15:28:52,Trader 1,114.7,96,0
1800,2022-07-10 09:17:59,Trader 4,117.19,262,0
1801,2022-07-10 09:21:52,Trader 2,111.47,44,0
1802,2022-07-10 09:26:02,Trader 2,113.54,49,1
1803,2022-07-10 09:29:05,Trader 2,112.65,57,1
1804,2022-07-10 09:29:07,Trader 4,117.91,223,0
1805,2022-07-10 09:31:20,Trader 2,113.51,51,1
1806,2022-07-10 09:32:28,Trader 4,115.29,175,0
1807,2022-07-10 09:33:33,Trader 1,115.07,105,1
1808,2022-07-10 09:33:54,Trader 3,114.68,50,0
1809,2022-07-10 09:35:48,Trader 3,115.14,94,1
1810,2022-07-10 09:36:42,Trader 2,111.49,66,0
1811,2022-07-10 09:37:39,Trader 2,111.71,59,0
1812,2022-07-10 09:37:54,Trader 2,110.48,35,0
1813,2022-07-10 09:41:02,Trader 3,114.97,94,0
1814,2022-07-10 09:42:05,Trader 2,112.0,60,0
1815,2022-07-10 09:45:02,Trader 1,115.23,89,1
1816,2022-07-10 09:46:05,Trader 2,111.68,58,0
1817,2022-07-10 09:46:18,Trader 4,115.5,173,0
1818,2022-07-10 09:47:17,Trader 1,115.43,113,1
1819,2022-07-10 09:47:25,Trader 2,110.33,49,1
1820,2022-07-10 09:50:13,Trader 3,115.22,139,1
1821,2022-07-10 09:51:56,Trader 4,117.48,168,0
1822,2022-07-10 09:52:16,Trader 2,112.83,21,1
1823,2022-07-10 09:56:11,Trader 3,114.6,103,1
1824,2022-07-10 09:59:40,Trader 1,116.75,101,0
1825,2022-07-10 10:00:03,Trader 2,111.08,55,0
1826,2022-07-10 10:01:09,Trader 4,116.42,191,0
1827,2022-07-10 10:04:35,Trader 4,117.67,174,0
1828,2022-07-10 10:04:59,Trader 1,116.47,65,0
1829,2022-07-10 10:07:24,Trader 2,111.97,43,1
1830,2022-07-10 10:08:14,Trader 3,115.18,113,0
1831,2022-07-10 10:13:54,Trader 1,114.04,52,1
1832,2022-07-10 10:19:50,Trader 3,116.34,208,0
1833,2022-07-10 10:22:26,Trader 1,114.7,98,0
1834,2022-07-10 10:23:02,Trader 3,117.0,109,1
1835,2022-07-10 10:24:32,Trader 4,113.92,220,0
1836,2022-07-10 10:24:38,Trader 1,115.63,117,0
1837,2022-07-10 10:24:41,Trader 1,115.51,128,0
1838,2022-07-10 10:25:48,Trader 2,112.04,29,1
1839,2022-07-10 10:26:42,Trader 4,118.2,201,0
1840,2022-07-10 10:28:55,Trader 3,113.87,142,0
1841,2022-07-10 10:29:06,Trader 1,114.45,93,0
1842,2022-07-10 10:33:02,Trader 4,115.42,219,1
1843,2022-07-10 10:34:10,Trader 2,113.16,50,0
1844,2022-07-10 10:37:14,Trader 2,113.18,23,1
1845,2022-07-10 10:39:15,Trader 1,116.32,116,0
1846,2022-07-10 10:41:21,Trader 4,115.25,203,0
1847,2022-07-10 10:45:09,Trader 2,111.79,41,1
1848,2022-07-10 10:46:56,Trader 4,117.33,175,0
1849,2022-07-10 10:48:43,Trader 4,114.63,210,0
1850,2022-07-10 10:52:04,Trader 4,116.27,169,1
1851,2022-07-10 10:52:12,Trader 1,114.76,69,1
1852,2022-07-10 10:53:37,Trader 2,110.79,45,0
1853,2022-07-10 10:58:59,Trader 2,114.35,54,0
1854,2022-07-10 10:59:20,Trader 4,114.5,171,0
1855,2022-07-10 10:59:36,Trader 1,114.52,115,0
1856,2022-07-10 11:01:49,Trader 4,115.51,211,0
1857,2022-07-10 11:02:48,Trader 2,112.26,51,0
1858,2022-07-10 11:03:14,Trader 1,117.56,119,0
1859,2022-07-10 11:06:48,Trader 2,111.87,63,1
1860,2022-07-10 11:08:50,Trader 2,111.59,56,0
1861,2022-07-10 11:09:34,Trader 1,114.46,103,0
1862,2022-07-10 11:11:13,Trader 3,114.32,101,1
1863,2022-07-10 11:13:56,Trader 3,115.44,99,1
1864,2022-07-10 11:17:21,Trader 2,110.06,45,1
1865,2022-07-10 11:19:16,Trader 3,114.94,69,1
1866,2022-07-10 11:21:00,Trader 2,112.54,47,1
1867,2022-07-10 11:24:38,Trader 1,114.79,127,0
1868,2022-07-10 11:24:57,Trader 1,114.65,90,1
1869,2022-07-10 11:26:55,Trader 2,113.7,38,0
1870,2022-07-10 11:28:31,Trader 4,117.52,213,0
1871,2022-07-10 11:29:47,Trader 3,115.72,132,1
1872,2022-07-10 11:32:47,Trader 4,114.27,178,0
1873,2022-07-10 11:33:05,Trader 2,113.31,46,0
1874,2022-07-10 11:34:39,Trader 4,114.15,163,0
1875,2022-07-10 11:35:44,Trader 3,116.21,119,1
1876,2022-07-10 11:37:30,Trader 2,114.0,45,0
1877,2022-07-10 11:43:17,Trader 1,115.66,103,0
1878,2022-07-10 11:43:24,Trader 1,115.15,59,0
1879,2022-07-10 11:45:30,Trader 2,111.85,57,1
1880,2022-07-10 11:46:45,Trader 2,109.68,43,1
1881,2022-07-10 11:46:53,Trader 1,114.87,115,0
1882,2022-07-10 11:51:30,Trader 2,112.11,47,0
1883,2022-07-10 11:56:36,Trader 1,116.59,118,0
1884,2022-07-10 11:57:38,Trader 4,117.34,202,0
1885,2022-07-10 12:03:22,Trader 3,114.47,163,1
1886,2022-07-10 12:05:59,Trader 1,115.46,85,1
1887,2022-07-10 12:09:06,Trader 3,115.92,149,1
1888,2022-07-10 12:09:24,Trader 3,115.45,221,1
1889,2022-07-10 12:10:44,Trader 2,111.1,52,0
1890,2022-07-10 12:11:35,Trader 4,115.75,177,0
1891,2022-07-10 12:12:49,Trader 2,113.38,42,1
1892,2022-07-10 12:13:01,Trader 1,115.31,147,1
1893,2022-07-10 12:14:56,Trader 1,115.91,109,1
1894,2022-07-10 12:15:23,Trader 3,115.55,109,1
1895,2022-07-10 12:16:06,Trader 3,115.72,73,1
1896,2022-07-10 12:17:16,Trader 3,115.44,38,1
1897,2022-07-10 12:20:49,Trader 4,117.57,197,0
1898,2022-07-10 12:22:49,Trader 4,117.38,217,0
1899,2022-07-10 12:23:17,Trader 1,115.53,83,0
1900,2022-07-10 12:25:05,Trader 4,117.17,219,0
1901,2022-07-10 12:32:23,Trader 2,111.83,50,1
1902,2022-07-10 12:33:21,Trader 4,115.24,215,0
1903,2022-07-10 12:33:23,Trader 2,113.12,58,1
1904,2022-07-10 12:36:13,Trader 1,114.83,74,1
1905,2022-07-10 12:40:02,Trader 3,115.01,123,1
1906,2022-07-10 12:40:21,Trader 4,116.89,175,0
1907,2022-07-10 12:42:47,Trader 1,113.82,110,0
1908,2022-07-10 12:43:00,Trader 1,116.57,125,0
1909,2022-07-10 12:44:28,Trader 1,114.0,127,0
1910,2022-07-10 12:46:33,Trader 4,117.64,236,1
1911,2022-07-10 12:53:19,Trader 3,116.33,112,0
1912,2022-07-10 12:54:47,Trader 1,116.62,104,1
1913,2022-07-10 12:56:38,Trader 2,112.13,43,1
1914,2022-07-10 13:01:12,Trader 2,112.37,49,0
1915,2022-07-10 13:01:17,Trader 3,116.24,162,0
1916,2022-07-10 13:06:23,Trader 1,116.89,110,0
1917,2022-07-10 13:06:32,Trader 2,111.31,63,1
1918,2022-07-10 13:07:53,Trader 2,111.79,60,1
1919,2022-07-10 13:08:33,Trader 4,116.32,249,0
1920,2022-07-10 13:09:27,Trader 4,117.03,232,0
1921,2022-07-10 13:13:31,Trader 1,114.27,103,0
1922,2022-07-10 13:15:06,Trader 4,117.07,170,0
1923,2022-07-10 13:15:30,Trader 4,113.5,267,0
1924,2022-07-10 13:18:26,Trader 3,115.16,67,1
1925,2022-07-10 13:18:52,Trader 1,115.44,76,0
1926,2022-07-10 13:20:03,Trader 1,113.95,66,1
1927,2022-07-10 13:28:17,Trader 3,112.02,86,1
1928,2022-07-10 13:31:46,Trader 4,117.56,198,0
1929,2022-07-10 13:33:59,Trader 1,116.66,65,1
1930,2022-07-10 13:36:47,Trader 4,115.89,210,1
1931,2022-07-10 13:39:13,Trader 1,112.87,121,0
1932,2022-07-10 13:40:08,Trader 1,115.23,170,0
1933,2022-07-10 13:40:51,Trader 3,113.72,110,1
1934,2022-07-10 13:43:26,Trader 4,115.62,145,0
1935,2022-07-10 13:43:34,Trader 2,113.65,36,1
1936,2022-07-10 13:46:38,Trader 3,113.81,70,0
1937,2022-07-10 13:47:16,Trader 4,116.79,190,0
1938,2022-07-10 13:47:58,Trader 4,115.4,228,0
1939,2022-07-10 13:47:59,Trader 3,113.47,148,0
1940,2022-07-10 13:50:25,Trader 2,113.11,35,1
1941,2022-07-10 13:50:36,Trader 4,117.67,180,0
1942,2022-07-10 13:51:45,Trader 4,114.37,216,0
1943,2022-07-10 13:53:02,Trader 4,116.2,241,0
1944,2022-07-10 13:53:27,Trader 3,111.62,108,1
1945,2022-07-10 13:53:58,Trader 3,113.73,101,0
1946,2022-07-10 13:56:34,Trader 2,113.14,48,1
1947,2022-07-10 13:57:00,Trader 3,114.49,160,1
1948,2022-07-10 13:58:33,Trader 4,114.96,213,0
1949,2022-07-10 13:59:01,Trader 3,115.74,98,1
1950,2022-07-10 14:01:41,Trader 2,112.29,51,1
1951,2022-07-10 14:01:49,Trader 1,115.69,139,1
1952,2022-07-10 14:06:07,Trader 2,113.46,59,1
1953,2022-07-10 14:06:09,Trader 4,114.2,148,1
1954,2022-07-10 14:08:53,Trader 2,111.66,57,0
1955,2022-07-10 14:10:28,Trader 3,116.15,97,1
1956,2022-07-10 14:11:40,Trader 3,112.68,177,0
1957,2022-07-10 14:12:03,Trader 2,112.31,48,0
1958,2022-07-10 14:13:14,Trader 2,113.94,50,1
1959,2022-07-10 14:14:15,Trader 2,110.4,47,1
1960,2022-07-10 14:15:11,Trader 2,112.87,57,0
1961,2022-07-10 14:32:43,Trader 1,115.4,84,0
1962,2022-07-10 14:32:47,Trader 2,113.33,69,0
1963,2022-07-10 14:32:52,Trader 4,116.2,214,1
1964,2022-07-10 14:36:20,Trader 4,116.17,179,0
1965,2022-07-10 14:38:01,Trader 1,117.24,115,1
1966,2022-07-10 14:39:22,Trader 4,113.86,224,1
1967,2022-07-10 14:40:25,Trader 1,117.55,90,1
1968,2022-07-10 14:41:29,Trader 4,118.33,220,0
1969,2022-07-10 14:43:57,Trader 2,113.33,57,0
1970,2022-07-10 14:48:02,Trader 1,114.45,101,1
1971,2022-07-10 14:48:19,Trader 2,114.13,56,1
1972,2022-07-10 14:51:09,Trader 2,113.65,56,1
1973,2022-07-10 14:51:23,Trader 1,115.74,94,1
1974,2022-07-10 14:51:28,Trader 2,113.0,44,1
1975,2022-07-10 14:53:47,Trader 2,110.25,57,1
1976,2022-07-10 14:54:50,Trader 4,115.31,185,0
1977,2022-07-10 14:54:50,Trader 2,113.29,57,0
1978,2022-07-10 14:54:53,Trader 1,116.06,93,0
1979,2022-07-10 14:56:23,Trader 2,111.45,62,0
1980,2022-07-10 14:57:17,Trader 4,115.4,215,0
1981,2022-07-10 14:58:58,Trader 1,115.99,94,0
1982,2022-07-10 14:59:37,Trader 1,115.82,119,0
1983,2022-07-10 15:00:06,Trader 1,114.9,107,0
1984,2022-07-10 15:01:12,Trader 1,116.09,114,0
1985,2022-07-10 15:03:30,Trader 4,118.45,187,0
1986,2022-07-10 15:08:56,Trader 1,116.8,91,0
1987,2022-07-10 15:11:42,Trader 4,114.33,185,0
1988,2022-07-10 15:12:04,Trader 1,115.93,136,0
1989,2022-07-10 15:14:15,Trader 4,114.97,208,1
1990,2022-07-10 15:14:40,Trader 4,115.79,187,0
1991,2022-07-10 15:14:57,Trader 2,112.39,69,1
1992,2022-07-10 15:16:39,Trader 3,114.56,156,0
1993,2022-07-10 15:19:24,Trader 3,114.5,75,1
1994,2022-07-10 15:20:25,Trader 4,116.58,176,0
1995,2022-07-10 15:20:31,Trader 4,115.78,162,0
1996,2022-07-10 15:22:32,Trader 1,113.87,120,1
1997,2022-07-10 15:23:13,Trader 2,111.69,37,0
1998,2022-07-10 15:23:14,Trader 1,114.83,38,0
1999,2022-07-10 15:24:45,Trader 1,116.62,83,1
2000,2022-07-11 09:15:49,Trader 4,115.62,233,0
2001,2022-07-11 09:17:57,Trader 4,116.19,154,0
2002,2022-07-11 09:21:58,Trader 2,111.05,53,1
2003,2022-07-11 09:22:26,Trader 4,116.45,192,0
2004,2022-07-11 09:24:05,Trader 3,116.27,121,1
2005,2022-07-11 09:24:28,Trader 4,115.89,196,0
2006,2022-07-11 09:24:38,Trader 2,110.13,47,1
2007,2022-07-11 09:25:18,Trader 3,115.05,137,0
2008,2022-07-11 09:26:12,Trader 2,113.17,53,1
2009,2022-07-11 09:27:37,Trader 3,114.12,187,1
2010,2022-07-11 09:30:25,Trader 3,113.82,86,0
2011,2022-07-11 09:38:31,Trader 4,115.46,214,0
2012,2022-07-11 09:45:35,Trader 2,111.66,44,1
2013,2022-07-11 09:46:55,Trader 4,115.46,220,0
2014,2022-07-11 09:47:38,Trader 2,111.82,56,0
2015,2022-07-11 09:48:50,Trader 2,113.44,34,0
2016,2022-07-11 09:50:11,Trader 4,117.19,167,0
2017,2022-07-11 09:50:37,Trader 1,115.31,120,0
2018,2022-07-11 09:51:04,Trader 1,115.36,120,0
2019,2022-07-11 09:59:40,Trader 3,114.08,108,0
2020,2022-07-11 10:00:10,Trader 3,115.62,73,1
2021,2022-07-11 10:03:52,Trader 4,116.79,212,0
2022,2022-07-11 10:03:53,Trader 2,112.38,37,0
2023,2022-07-11 10:04:41,Trader 1,116.74,80,0
2024,2022-07-11 10:05:24,Trader 4,114.76,181,0
2025,2022-07-11 10:08:09,Trader 1,117.08,136,0
2026,2022-07-11 10:09:59,Trader 3,116.85,52,1
2027,2022-07-11 10:12:00,Trader 1,115.53,99,1
2028,2022-07-11 10:13:02,Trader 4,117.03,221,0
2029,2022-07-11 10:14:34,Trader 1,115.01,139,1
2030,2022-07-11 10:14:59,Trader 4,115.56,162,0
2031,2022-07-11 10:15:15,Trader 3,114.8,118,0
2032,2022-07-11 10:16:28,Trader 2,113.24,44,1
2033,2022-07-11 10:17:21,Trader 2,111.67,59,0
2034,2022-07-11 10:17:31,Trader 1,114.4,114,0
2035,2022-07-11 10:20:29,Trader 3,116.8,96,1
2036,2022-07-11 10:20:42,Trader 4,116.68,216,0
2037,2022-07-11 10:21:31,Trader 2,112.86,38,1
2038,2022-07-11 10:24:01,Trader 4,117.82,239,0
2039,2022-07-11 10:25:00,Trader 4,116.84,194,0
2040,2022-07-11 10:25:04,Trader 2,112.01,57,1
2041,2022-07-11 10:27:27,Trader 3,114.38,87,0
2042,2022-07-11 10:29:04,Trader 3,114.75,68,0
2043,2022-07-11 10:34:33,Trader 3,115.47,90,0
2044,2022-07-11 10:38:57,Trader 2,112.28,62,1
2045,2022-07-11 10:42:25,Trader 4,116.61,180,0
2046,2022-07-11 10:43:26,Trader 3,114.87,133,1
2047,2022-07-11 10:44:28,Trader 4,114.86,213,0
2048,2022-07-11 10:46:59,Trader 3,114.58,157,1
2049,2022-07-11 10:48:30,Trader 3,114.39,12,1
2050,2022-07-11 10:53:00,Trader 3,114.65,150,0
2051,2022-07-11 10:53:33,Trader 3,115.62,148,0
2052,2022-07-11 10:59:19,Trader 1,115.14,78,0
2053,2022-07-11 10:59:22,Trader 3,116.53,145,1
2054,2022-07-11 10:59:51,Trader 3,116.66,172,1
2055,2022-07-11 11:03:16,Trader 1,116.43,95,0
2056,2022-07-11 11:03:39,Trader 1,115.99,80,0
2057,2022-07-11 11:07:05,Trader 2,112.98,46,1
2058,2022-07-11 11:07:33,Trader 4,116.54,216,0
2059,2022-07-11 11:07:36,Trader 2,112.56,50,0
2060,2022-07-11 11:07:53,Trader 2,112.68,55,1
2061,2022-07-11 11:09:39,Trader 4,117.25,200,1
2062,2022-07-11 11:09:42,Trader 1,115.46,126,1
2063,2022-07-11 11:10:07,Trader 2,112.26,53,0
2064,2022-07-11 11:11:00,Trader 2,112.13,38,1
2065,2022-07-11 11:12:56,Trader 4,117.04,228,0
2066,2022-07-11 11:14:35,Trader 4,114.31,220,0
2067,2022-07-11 11:16:03,Trader 2,112.18,75,0
2068,2022-07-11 11:18:17,Trader 4,115.91,165,1
2069,2022-07-11 11:19:06,Trader 1,116.92,101,0
2070,2022-07-11 11:23:26,Trader 3,115.92,138,1
2071,2022-07-11 11:26:39,Trader 2,111.25,46,0
2072,2022-07-11 11:27:05,Trader 3,115.91,137,1
2073,2022-07-11 11:29:13,Trader 2,111.92,36,1
2074,2022-07-11 11:29:24,Trader 4,114.73,211,0
2075,2022-07-11 11:35:09,Trader 3,115.1,175,1
2076,2022-07-11 11:36:05,Trader 2,114.07,43,1
2077,2022-07-11 11:36:11,Trader 1,115.08,69,0
2078,2022-07-11 11:36:16,Trader 2,113.57,36,1
2079,2022-07-11 11:36:59,Trader 3,114.97,101,1
2080,2022-07-11 11:37:58,Trader 3,115.57,84,0
2081,2022-07-11 11:38:48,Trader 2,113.37,50,1
2082,2022-07-11 11:40:55,Trader 3,115.98,159,0
2083,2022-07-11 11:41:59,Trader 3,115.17,165,1
2084,2022-07-11 11:42:50,Trader 4,114.85,211,1
2085,2022-07-11 11:44:58,Trader 1,117.29,129,1
2086,2022-07-11 11:45:55,Trader 1,114.37,90,0
2087,2022-07-11 11:46:34,Trader 1,115.52,114,1
2088,2022-07-11 11:50:14,Trader 2,112.07,44,1
2089,2022-07-11 11:50:30,Trader 3,117.4,115,1
2090,2022-07-11 11:51:36,Trader 2,113.01,57,0
2091,2022-07-11 11:53:17,Trader 2,112.6,54,0
2092,2022-07-11 11:55:32,Trader 4,115.06,219,0
2093,2022-07-11 11:59:35,Trader 2,112.37,47,0
2094,2022-07-11 12:04:14,Trader 4,116.49,199,0
2095,2022-07-11 12:04:38,Trader 3,117.6,116,0
2096,2022-07-11 12:05:27,Trader 2,112.75,50,1
2097,2022-07-11 12:06:43,Trader 4,116.84,174,0
2098,2022-07-11 12:10:25,Trader 3,112.78,109,0
2099,2022-07-11 12:11:01,Trader 1,116.32,110,0
2100,2022-07-11 12:12:42,Trader 2,111.98,43,0
2101,2022-07-11 12:14:13,Trader 4,114.92,207,0
2102,2022-07-11 12:16:10,Trader 4,116.27,205,1
2103,2022-07-11 12:18:02,Trader 1,116.06,77,1
2104,2022-07-11 12:18:52,Trader 1,114.69,126,0
2105,2022-07-11 12:20:05,Trader 3,116.75,177,1
2106,2022-07-11 12:29:11,Trader 3,115.67,66,0
2107,2022-07-11 12:29:26,Trader 3,113.33,117,1
2108,2022-07-11 12:30:33,Trader 4,116.92,197,0
2109,2022-07-11 12:31:19,Trader 2,112.0,55,1
2110,2022-07-11 12:31:34,Trader 2,112.31,53,0
2111,2022-07-11 12:31:48,Trader 3,115.1,109,1
2112,2022-07-11 12:34:21,Trader 4,114.55,223,0
2113,2022-07-11 12:35:04,Trader 1,116.92,99,0
2114,2022-07-11 12:39:11,Trader 4,115.49,213,0
2115,2022-07-11 12:42:41,Trader 3,115.48,138,1
2116,2022-07-11 12:44:55,Trader 4,116.44,230,0
2117,2022-07-11 12:46:43,Trader 2,112.33,54,0
2118,2022-07-11 12:51:17,Trader 3,114.29,138,1
2119,2022-07-11 12:54:02,Trader 4,118.21,215,0
2120,2022-07-11 12:54:04,Trader 1,116.46,121,1
2121,2022-07-11 12:55:39,Trader 4,115.02,250,0
2122,2022-07-11 13:00:20,Trader 3,115.33,88,0
2123,2022-07-11 13:02:43,Trader 2,110.86,51,1
2124,2022-07-11 13:07:31,Trader 4,117.15,212,0
2125,2022-07-11 13:07:52,Trader 3,113.49,112,1
2126,2022-07-11 13:08:38,Trader 2,111.36,53,1
2127,2022-07-11 13:10:28,Trader 1,115.5,71,1
2128,2022-07-11 13:11:46,Trader 3,114.56,141,1
2129,2022-07-11 13:12:02,Trader 4,116.43,213,0
2130,2022-07-11 13:17:10,Trader 1,115.23,91,1
2131,2022-07-11 13:19:12,Trader 3,115.45,96,1
2132,2022-07-11 13:20:12,Trader 4,115.23,224,0
2133,2022-07-11 13:21:59,Trader 1,114.51,107,0
2134,2022-07-11 13:22:10,Trader 2,113.4,56,0
2135,2022-07-11 13:25:11,Trader 2,111.0,63,1
2136,2022-07-11 13:25:19,Trader 3,114.67,88,0
2137,2022-07-11 13:28:24,Trader 4,114.4,237,1
2138,2022-07-11 13:31:44,Trader 2,112.04,68,1
2139,2022-07-11 13:35:40,Trader 4,115.48,173,0
2140,2022-07-11 13:41:44,Trader 1,115.78,86,0
2141,2022-07-11 13:42:07,Trader 2,111.26,24,0
2142,2022-07-11 13:43:17,Trader 4,114.98,219,0
2143,2022-07-11 13:43:26,Trader 3,114.6,136,1
2144,2022-07-11 13:45:06,Trader 4,116.36,194,0
2145,2022-07-11 13:46:20,Trader 3,115.77,120,1
2146,2022-07-11 13:47:07,Trader 4,116.49,153,0
2147,2022-07-11 13:47:56,Trader 4,117.43,181,0
2148,2022-07-11 13:48:20,Trader 3,115.12,80,0
2149,2022-07-11 13:48:46,Trader 1,115.64,85,0
2150,2022-07-11 13:56:02,Trader 4,115.53,173,0
2151,2022-07-11 13:59:50,Trader 3,113.85,122,0
2152,2022-07-11 14:01:29,Trader 3,115.99,118,0
2153,2022-07-11 14:01:33,Trader 2,114.05,63,1
2154,2022-07-11 14:05:00,Trader 1,116.93,71,0
2155,2022-07-11 14:06:33,Trader 1,116.0,123,0
2156,2022-07-11 14:06:51,Trader 3,113.46,43,0
2157,2022-07-11 14:12:15,Trader 3,112.84,149,0
2158,2022-07-11 14:14:39,Trader 3,114.69,68,0
2159,2022-07-11 14:18:04,Trader 1,116.18,76,0
2160,2022-07-11 14:18:34,Trader 1,114.86,93,1
2161,2022-07-11 14:19:44,Trader 1,115.97,103,0
2162,2022-07-11 14:20:10,Trader 3,115.3,76,0
2163,2022-07-11 14:23:48,Trader 4,118.0,211,0
2164,2022-07-11 14:24:33,Trader 3,115.23,108,1
2165,2022-07-11 14:28:26,Trader 4,117.19,226,1
2166,2022-07-11 14:28:40,Trader 4,114.94,175,0
2167,2022-07-11 14:29:39,Trader 1,117.36,97,1
2168,2022-07-11 14:33:38,Trader 3,112.76,144,1
2169,2022-07-11 14:34:11,Trader 4,116.2,205,1
2170,2022-07-11 14:34:35,Trader 1,115.62,82,0
2171,2022-07-11 14:36:17,Trader 1,116.46,78,1
2172,2022-07-11 14:39:21,Trader 1,114.85,122,0
2173,2022-07-11 14:40:39,Trader 3,114.11,128,1
2174,2022-07-11 14:42:31,Trader 2,112.17,42,0
2175,2022-07-11 14:42:40,Trader 4,116.81,221,1
